%YAML 1.1
%TAG !u! tag:unity3d.com,2011:
--- !u!29 &1
SceneSettings:
  m_ObjectHideFlags: 0
  m_PVSData: 
  m_PVSObjectsArray: []
  m_PVSPortalsArray: []
  m_OcclusionBakeSettings:
    smallestOccluder: 5
    smallestHole: .25
    backfaceThreshold: 100
--- !u!104 &2
RenderSettings:
  m_ObjectHideFlags: 0
  serializedVersion: 6
  m_Fog: 0
  m_FogColor: {r: .5, g: .5, b: .5, a: 1}
  m_FogMode: 3
  m_FogDensity: .00999999978
  m_LinearFogStart: 0
  m_LinearFogEnd: 300
  m_AmbientSkyColor: {r: .211999997, g: .226999998, b: .259000003, a: 1}
  m_AmbientEquatorColor: {r: .114, g: .125, b: .133000001, a: 1}
  m_AmbientGroundColor: {r: .0469999984, g: .0430000015, b: .0350000001, a: 1}
  m_AmbientIntensity: 1
  m_AmbientMode: 3
  m_SkyboxMaterial: {fileID: 0}
  m_HaloStrength: .5
  m_FlareStrength: 1
  m_FlareFadeSpeed: 3
  m_HaloTexture: {fileID: 0}
  m_SpotCookie: {fileID: 10001, guid: 0000000000000000e000000000000000, type: 0}
  m_DefaultReflectionMode: 0
  m_DefaultReflectionResolution: 128
  m_ReflectionBounces: 1
  m_ReflectionIntensity: 1
  m_CustomReflection: {fileID: 0}
  m_Sun: {fileID: 0}
--- !u!157 &3
LightmapSettings:
  m_ObjectHideFlags: 0
  serializedVersion: 5
  m_GIWorkflowMode: 1
  m_LightmapsMode: 1
  m_GISettings:
    serializedVersion: 2
    m_BounceScale: 1
    m_IndirectOutputScale: 1
    m_AlbedoBoost: 1
    m_TemporalCoherenceThreshold: 1
    m_EnvironmentLightingMode: 0
    m_EnableBakedLightmaps: 0
    m_EnableRealtimeLightmaps: 0
  m_LightmapEditorSettings:
    serializedVersion: 3
    m_Resolution: 2
    m_BakeResolution: 40
    m_TextureWidth: 1024
    m_TextureHeight: 1024
    m_AOMaxDistance: 1
    m_Padding: 2
    m_CompAOExponent: 0
    m_LightmapParameters: {fileID: 0}
    m_TextureCompression: 1
    m_FinalGather: 0
    m_FinalGatherRayCount: 1024
    m_ReflectionCompression: 2
  m_LightmapSnapshot: {fileID: 0}
  m_RuntimeCPUUsage: 25
--- !u!196 &4
NavMeshSettings:
  serializedVersion: 2
  m_ObjectHideFlags: 0
  m_BuildSettings:
    serializedVersion: 2
    agentRadius: .5
    agentHeight: 2
    agentSlope: 45
    agentClimb: .400000006
    ledgeDropHeight: 0
    maxJumpAcrossDistance: 0
    accuratePlacement: 0
    minRegionArea: 2
    cellSize: .166666672
    manualCellSize: 0
  m_NavMeshData: {fileID: 0}
--- !u!1001 &3052654
Prefab:
  m_ObjectHideFlags: 0
  serializedVersion: 2
  m_Modification:
    m_TransformParent: {fileID: 0}
    m_Modifications:
    - target: {fileID: 428020, guid: e695c347d99d79b4d95409e2223011d5, type: 2}
      propertyPath: m_LocalPosition.x
      value: -7.05999994
      objectReference: {fileID: 0}
    - target: {fileID: 428020, guid: e695c347d99d79b4d95409e2223011d5, type: 2}
      propertyPath: m_LocalPosition.y
      value: -5.46999979
      objectReference: {fileID: 0}
    - target: {fileID: 428020, guid: e695c347d99d79b4d95409e2223011d5, type: 2}
      propertyPath: m_LocalPosition.z
      value: 0
      objectReference: {fileID: 0}
    - target: {fileID: 428020, guid: e695c347d99d79b4d95409e2223011d5, type: 2}
      propertyPath: m_LocalRotation.x
      value: 0
      objectReference: {fileID: 0}
    - target: {fileID: 428020, guid: e695c347d99d79b4d95409e2223011d5, type: 2}
      propertyPath: m_LocalRotation.y
      value: 0
      objectReference: {fileID: 0}
    - target: {fileID: 428020, guid: e695c347d99d79b4d95409e2223011d5, type: 2}
      propertyPath: m_LocalRotation.z
      value: -.707106829
      objectReference: {fileID: 0}
    - target: {fileID: 428020, guid: e695c347d99d79b4d95409e2223011d5, type: 2}
      propertyPath: m_LocalRotation.w
      value: .707106709
      objectReference: {fileID: 0}
    - target: {fileID: 428020, guid: e695c347d99d79b4d95409e2223011d5, type: 2}
      propertyPath: m_RootOrder
      value: 0
      objectReference: {fileID: 0}
    - target: {fileID: 145170, guid: e695c347d99d79b4d95409e2223011d5, type: 2}
      propertyPath: m_Name
      value: CamraBlock (3)
      objectReference: {fileID: 0}
    - target: {fileID: 428020, guid: e695c347d99d79b4d95409e2223011d5, type: 2}
      propertyPath: m_LocalScale.x
      value: 84.5321274
      objectReference: {fileID: 0}
    - target: {fileID: 428020, guid: e695c347d99d79b4d95409e2223011d5, type: 2}
      propertyPath: m_LocalScale.y
      value: 2.00000763
      objectReference: {fileID: 0}
    m_RemovedComponents: []
  m_ParentPrefab: {fileID: 100100000, guid: e695c347d99d79b4d95409e2223011d5, type: 2}
  m_IsPrefabParent: 0
--- !u!1001 &46952849
Prefab:
  m_ObjectHideFlags: 0
  serializedVersion: 2
  m_Modification:
    m_TransformParent: {fileID: 0}
    m_Modifications:
    - target: {fileID: 419296, guid: 34818ff241b7b8c47b529edb148b494c, type: 2}
      propertyPath: m_LocalPosition.x
      value: 6.55000019
      objectReference: {fileID: 0}
    - target: {fileID: 419296, guid: 34818ff241b7b8c47b529edb148b494c, type: 2}
      propertyPath: m_LocalPosition.y
      value: -5.88999987
      objectReference: {fileID: 0}
    - target: {fileID: 419296, guid: 34818ff241b7b8c47b529edb148b494c, type: 2}
      propertyPath: m_LocalPosition.z
      value: 0
      objectReference: {fileID: 0}
    - target: {fileID: 419296, guid: 34818ff241b7b8c47b529edb148b494c, type: 2}
      propertyPath: m_LocalRotation.x
      value: 0
      objectReference: {fileID: 0}
    - target: {fileID: 419296, guid: 34818ff241b7b8c47b529edb148b494c, type: 2}
      propertyPath: m_LocalRotation.y
      value: 0
      objectReference: {fileID: 0}
    - target: {fileID: 419296, guid: 34818ff241b7b8c47b529edb148b494c, type: 2}
      propertyPath: m_LocalRotation.z
      value: 0
      objectReference: {fileID: 0}
    - target: {fileID: 419296, guid: 34818ff241b7b8c47b529edb148b494c, type: 2}
      propertyPath: m_LocalRotation.w
      value: 1
      objectReference: {fileID: 0}
    - target: {fileID: 419296, guid: 34818ff241b7b8c47b529edb148b494c, type: 2}
      propertyPath: m_RootOrder
      value: 3
      objectReference: {fileID: 0}
    - target: {fileID: 184094, guid: 34818ff241b7b8c47b529edb148b494c, type: 2}
      propertyPath: m_Name
      value: Block (1)
      objectReference: {fileID: 0}
    - target: {fileID: 21298928, guid: 34818ff241b7b8c47b529edb148b494c, type: 2}
      propertyPath: m_Enabled
      value: 1
      objectReference: {fileID: 0}
    - target: {fileID: 21298928, guid: 34818ff241b7b8c47b529edb148b494c, type: 2}
      propertyPath: m_Color.g
      value: 1
      objectReference: {fileID: 0}
    - target: {fileID: 21298928, guid: 34818ff241b7b8c47b529edb148b494c, type: 2}
      propertyPath: m_Color.b
      value: 1
      objectReference: {fileID: 0}
    - target: {fileID: 419296, guid: 34818ff241b7b8c47b529edb148b494c, type: 2}
      propertyPath: m_LocalScale.y
      value: 41.0973892
      objectReference: {fileID: 0}
    - target: {fileID: 419296, guid: 34818ff241b7b8c47b529edb148b494c, type: 2}
      propertyPath: m_LocalScale.x
      value: 1
      objectReference: {fileID: 0}
    m_RemovedComponents: []
  m_ParentPrefab: {fileID: 100100000, guid: 34818ff241b7b8c47b529edb148b494c, type: 2}
  m_IsPrefabParent: 0
--- !u!1 &117228308
GameObject:
  m_ObjectHideFlags: 0
  m_PrefabParentObject: {fileID: 0}
  m_PrefabInternal: {fileID: 0}
  serializedVersion: 4
  m_Component:
  - 4: {fileID: 117228310}
  - 212: {fileID: 117228309}
  m_Layer: 0
  m_Name: Clouds
  m_TagString: Untagged
  m_Icon: {fileID: 0}
  m_NavMeshLayer: 0
  m_StaticEditorFlags: 0
  m_IsActive: 1
--- !u!212 &117228309
SpriteRenderer:
  m_ObjectHideFlags: 0
  m_PrefabParentObject: {fileID: 0}
  m_PrefabInternal: {fileID: 0}
  m_GameObject: {fileID: 117228308}
  m_Enabled: 1
  m_CastShadows: 0
  m_ReceiveShadows: 0
  m_Materials:
  - {fileID: 10754, guid: 0000000000000000e000000000000000, type: 0}
  m_SubsetIndices: 
  m_StaticBatchRoot: {fileID: 0}
  m_UseLightProbes: 0
  m_ReflectionProbeUsage: 0
  m_ProbeAnchor: {fileID: 0}
  m_ScaleInLightmap: 1
  m_PreserveUVs: 0
  m_IgnoreNormalsForChartDetection: 0
  m_ImportantGI: 0
  m_MinimumChartSize: 4
  m_AutoUVMaxDistance: .5
  m_AutoUVMaxAngle: 89
  m_LightmapParameters: {fileID: 0}
  m_SortingLayerID: 204921979
  m_SortingOrder: -3
  m_Sprite: {fileID: 21300000, guid: d937dcb0d7962a147988df7fe7e396e1, type: 3}
  m_Color: {r: 1, g: 1, b: 1, a: 1}
--- !u!4 &117228310
Transform:
  m_ObjectHideFlags: 0
  m_PrefabParentObject: {fileID: 0}
  m_PrefabInternal: {fileID: 0}
  m_GameObject: {fileID: 117228308}
  m_LocalRotation: {x: 0, y: 0, z: 0, w: 1}
  m_LocalPosition: {x: .0500000007, y: -8, z: 0}
  m_LocalScale: {x: 1, y: 1, z: 1}
  m_Children: []
  m_Father: {fileID: 0}
  m_RootOrder: 33
--- !u!1001 &117494281
Prefab:
  m_ObjectHideFlags: 0
  serializedVersion: 2
  m_Modification:
    m_TransformParent: {fileID: 0}
    m_Modifications:
    - target: {fileID: 497646, guid: 437f347d9ebc4b94a86f2d43d5f07d6d, type: 2}
      propertyPath: m_LocalPosition.x
      value: 5.71054125
      objectReference: {fileID: 0}
    - target: {fileID: 497646, guid: 437f347d9ebc4b94a86f2d43d5f07d6d, type: 2}
      propertyPath: m_LocalPosition.y
      value: 2.79484749
      objectReference: {fileID: 0}
    - target: {fileID: 497646, guid: 437f347d9ebc4b94a86f2d43d5f07d6d, type: 2}
      propertyPath: m_LocalPosition.z
      value: 0
      objectReference: {fileID: 0}
    - target: {fileID: 497646, guid: 437f347d9ebc4b94a86f2d43d5f07d6d, type: 2}
      propertyPath: m_LocalRotation.x
      value: 0
      objectReference: {fileID: 0}
    - target: {fileID: 497646, guid: 437f347d9ebc4b94a86f2d43d5f07d6d, type: 2}
      propertyPath: m_LocalRotation.y
      value: 0
      objectReference: {fileID: 0}
    - target: {fileID: 497646, guid: 437f347d9ebc4b94a86f2d43d5f07d6d, type: 2}
      propertyPath: m_LocalRotation.z
      value: 0
      objectReference: {fileID: 0}
    - target: {fileID: 497646, guid: 437f347d9ebc4b94a86f2d43d5f07d6d, type: 2}
      propertyPath: m_LocalRotation.w
      value: 1
      objectReference: {fileID: 0}
    - target: {fileID: 497646, guid: 437f347d9ebc4b94a86f2d43d5f07d6d, type: 2}
      propertyPath: m_RootOrder
      value: 0
      objectReference: {fileID: 0}
    - target: {fileID: 134090, guid: 437f347d9ebc4b94a86f2d43d5f07d6d, type: 2}
      propertyPath: m_Name
      value: Door (1)
      objectReference: {fileID: 0}
    - target: {fileID: 11441328, guid: 437f347d9ebc4b94a86f2d43d5f07d6d, type: 2}
      propertyPath: newPointX
      value: -7.09000015
      objectReference: {fileID: 0}
    - target: {fileID: 11441328, guid: 437f347d9ebc4b94a86f2d43d5f07d6d, type: 2}
      propertyPath: newPointY
      value: 10.5749502
      objectReference: {fileID: 0}
    - target: {fileID: 11441328, guid: 437f347d9ebc4b94a86f2d43d5f07d6d, type: 2}
      propertyPath: newCameraX
      value: -1.28499699
      objectReference: {fileID: 0}
    - target: {fileID: 11441328, guid: 437f347d9ebc4b94a86f2d43d5f07d6d, type: 2}
      propertyPath: newCameraY
      value: 8.34499931
      objectReference: {fileID: 0}
    - target: {fileID: 11441328, guid: 437f347d9ebc4b94a86f2d43d5f07d6d, type: 2}
      propertyPath: LevelName
      value: Level9
      objectReference: {fileID: 0}
    m_RemovedComponents: []
  m_ParentPrefab: {fileID: 100100000, guid: 437f347d9ebc4b94a86f2d43d5f07d6d, type: 2}
  m_IsPrefabParent: 0
--- !u!1001 &164286344
Prefab:
  m_ObjectHideFlags: 0
  serializedVersion: 2
  m_Modification:
    m_TransformParent: {fileID: 0}
    m_Modifications:
    - target: {fileID: 425266, guid: dc73d4267227bb4409e74180ad418cbf, type: 2}
      propertyPath: m_LocalPosition.x
      value: 0
      objectReference: {fileID: 0}
    - target: {fileID: 425266, guid: dc73d4267227bb4409e74180ad418cbf, type: 2}
      propertyPath: m_LocalPosition.y
      value: 0
      objectReference: {fileID: 0}
    - target: {fileID: 425266, guid: dc73d4267227bb4409e74180ad418cbf, type: 2}
      propertyPath: m_LocalPosition.z
      value: -10
      objectReference: {fileID: 0}
    - target: {fileID: 425266, guid: dc73d4267227bb4409e74180ad418cbf, type: 2}
      propertyPath: m_LocalRotation.x
      value: 0
      objectReference: {fileID: 0}
    - target: {fileID: 425266, guid: dc73d4267227bb4409e74180ad418cbf, type: 2}
      propertyPath: m_LocalRotation.y
      value: 0
      objectReference: {fileID: 0}
    - target: {fileID: 425266, guid: dc73d4267227bb4409e74180ad418cbf, type: 2}
      propertyPath: m_LocalRotation.z
      value: 0
      objectReference: {fileID: 0}
    - target: {fileID: 425266, guid: dc73d4267227bb4409e74180ad418cbf, type: 2}
      propertyPath: m_LocalRotation.w
      value: 1
      objectReference: {fileID: 0}
    - target: {fileID: 425266, guid: dc73d4267227bb4409e74180ad418cbf, type: 2}
      propertyPath: m_RootOrder
      value: 3
      objectReference: {fileID: 0}
    m_RemovedComponents: []
  m_ParentPrefab: {fileID: 100100000, guid: dc73d4267227bb4409e74180ad418cbf, type: 2}
  m_IsPrefabParent: 0
--- !u!20 &164286345 stripped
Camera:
  m_PrefabParentObject: {fileID: 2001092, guid: dc73d4267227bb4409e74180ad418cbf,
    type: 2}
  m_PrefabInternal: {fileID: 164286344}
--- !u!1001 &167047408
Prefab:
  m_ObjectHideFlags: 0
  serializedVersion: 2
  m_Modification:
    m_TransformParent: {fileID: 0}
    m_Modifications:
    - target: {fileID: 430660, guid: 082576c32cc569b4e9d554db94354c62, type: 2}
      propertyPath: m_LocalPosition.x
      value: -1.75409579
      objectReference: {fileID: 0}
    - target: {fileID: 430660, guid: 082576c32cc569b4e9d554db94354c62, type: 2}
      propertyPath: m_LocalPosition.y
      value: -14.355567
      objectReference: {fileID: 0}
    - target: {fileID: 430660, guid: 082576c32cc569b4e9d554db94354c62, type: 2}
      propertyPath: m_LocalPosition.z
      value: 0
      objectReference: {fileID: 0}
    - target: {fileID: 430660, guid: 082576c32cc569b4e9d554db94354c62, type: 2}
      propertyPath: m_LocalRotation.x
      value: 0
      objectReference: {fileID: 0}
    - target: {fileID: 430660, guid: 082576c32cc569b4e9d554db94354c62, type: 2}
      propertyPath: m_LocalRotation.y
      value: 0
      objectReference: {fileID: 0}
    - target: {fileID: 430660, guid: 082576c32cc569b4e9d554db94354c62, type: 2}
      propertyPath: m_LocalRotation.z
      value: 0
      objectReference: {fileID: 0}
    - target: {fileID: 430660, guid: 082576c32cc569b4e9d554db94354c62, type: 2}
      propertyPath: m_LocalRotation.w
      value: 1
      objectReference: {fileID: 0}
    - target: {fileID: 430660, guid: 082576c32cc569b4e9d554db94354c62, type: 2}
      propertyPath: m_RootOrder
      value: 0
      objectReference: {fileID: 0}
    - target: {fileID: 146760, guid: 082576c32cc569b4e9d554db94354c62, type: 2}
      propertyPath: m_Name
      value: Pot (2)
      objectReference: {fileID: 0}
    - target: {fileID: 11454702, guid: 082576c32cc569b4e9d554db94354c62, type: 2}
      propertyPath: Drops.Array.data[0]
      value: 
      objectReference: {fileID: 102096, guid: c83eea75ab702c14bb789adcb86cced4, type: 2}
    m_RemovedComponents: []
  m_ParentPrefab: {fileID: 100100000, guid: 082576c32cc569b4e9d554db94354c62, type: 2}
  m_IsPrefabParent: 0
--- !u!1001 &184207118
Prefab:
  m_ObjectHideFlags: 0
  serializedVersion: 2
  m_Modification:
    m_TransformParent: {fileID: 0}
    m_Modifications:
    - target: {fileID: 430660, guid: 082576c32cc569b4e9d554db94354c62, type: 2}
      propertyPath: m_LocalPosition.x
      value: 1.95532703
      objectReference: {fileID: 0}
    - target: {fileID: 430660, guid: 082576c32cc569b4e9d554db94354c62, type: 2}
      propertyPath: m_LocalPosition.y
      value: -14.355567
      objectReference: {fileID: 0}
    - target: {fileID: 430660, guid: 082576c32cc569b4e9d554db94354c62, type: 2}
      propertyPath: m_LocalPosition.z
      value: 0
      objectReference: {fileID: 0}
    - target: {fileID: 430660, guid: 082576c32cc569b4e9d554db94354c62, type: 2}
      propertyPath: m_LocalRotation.x
      value: 0
      objectReference: {fileID: 0}
    - target: {fileID: 430660, guid: 082576c32cc569b4e9d554db94354c62, type: 2}
      propertyPath: m_LocalRotation.y
      value: 0
      objectReference: {fileID: 0}
    - target: {fileID: 430660, guid: 082576c32cc569b4e9d554db94354c62, type: 2}
      propertyPath: m_LocalRotation.z
      value: 0
      objectReference: {fileID: 0}
    - target: {fileID: 430660, guid: 082576c32cc569b4e9d554db94354c62, type: 2}
      propertyPath: m_LocalRotation.w
      value: 1
      objectReference: {fileID: 0}
    - target: {fileID: 430660, guid: 082576c32cc569b4e9d554db94354c62, type: 2}
      propertyPath: m_RootOrder
      value: 0
      objectReference: {fileID: 0}
    - target: {fileID: 11454702, guid: 082576c32cc569b4e9d554db94354c62, type: 2}
      propertyPath: Drops.Array.data[0]
      value: 
      objectReference: {fileID: 102096, guid: c83eea75ab702c14bb789adcb86cced4, type: 2}
    m_RemovedComponents: []
  m_ParentPrefab: {fileID: 100100000, guid: 082576c32cc569b4e9d554db94354c62, type: 2}
  m_IsPrefabParent: 0
--- !u!1001 &201463345
Prefab:
  m_ObjectHideFlags: 0
  serializedVersion: 2
  m_Modification:
    m_TransformParent: {fileID: 0}
    m_Modifications:
    - target: {fileID: 419296, guid: 34818ff241b7b8c47b529edb148b494c, type: 2}
      propertyPath: m_LocalPosition.x
      value: -4.4000001
      objectReference: {fileID: 0}
    - target: {fileID: 419296, guid: 34818ff241b7b8c47b529edb148b494c, type: 2}
      propertyPath: m_LocalPosition.y
      value: -3.815938
      objectReference: {fileID: 0}
    - target: {fileID: 419296, guid: 34818ff241b7b8c47b529edb148b494c, type: 2}
      propertyPath: m_LocalPosition.z
      value: 0
      objectReference: {fileID: 0}
    - target: {fileID: 419296, guid: 34818ff241b7b8c47b529edb148b494c, type: 2}
      propertyPath: m_LocalRotation.x
      value: 0
      objectReference: {fileID: 0}
    - target: {fileID: 419296, guid: 34818ff241b7b8c47b529edb148b494c, type: 2}
      propertyPath: m_LocalRotation.y
      value: 0
      objectReference: {fileID: 0}
    - target: {fileID: 419296, guid: 34818ff241b7b8c47b529edb148b494c, type: 2}
      propertyPath: m_LocalRotation.z
      value: 0
      objectReference: {fileID: 0}
    - target: {fileID: 419296, guid: 34818ff241b7b8c47b529edb148b494c, type: 2}
      propertyPath: m_LocalRotation.w
      value: 1
      objectReference: {fileID: 0}
    - target: {fileID: 419296, guid: 34818ff241b7b8c47b529edb148b494c, type: 2}
      propertyPath: m_RootOrder
      value: 0
      objectReference: {fileID: 0}
    - target: {fileID: 184094, guid: 34818ff241b7b8c47b529edb148b494c, type: 2}
      propertyPath: m_Name
      value: Block (3)
      objectReference: {fileID: 0}
    - target: {fileID: 21298928, guid: 34818ff241b7b8c47b529edb148b494c, type: 2}
      propertyPath: m_Color.g
      value: 1
      objectReference: {fileID: 0}
    - target: {fileID: 21298928, guid: 34818ff241b7b8c47b529edb148b494c, type: 2}
      propertyPath: m_Color.b
      value: 1
      objectReference: {fileID: 0}
    - target: {fileID: 21298928, guid: 34818ff241b7b8c47b529edb148b494c, type: 2}
      propertyPath: m_Enabled
      value: 1
      objectReference: {fileID: 0}
    - target: {fileID: 419296, guid: 34818ff241b7b8c47b529edb148b494c, type: 2}
      propertyPath: m_LocalScale.x
      value: 8.16942787
      objectReference: {fileID: 0}
    - target: {fileID: 419296, guid: 34818ff241b7b8c47b529edb148b494c, type: 2}
      propertyPath: m_LocalScale.y
      value: 4
      objectReference: {fileID: 0}
    m_RemovedComponents: []
  m_ParentPrefab: {fileID: 100100000, guid: 34818ff241b7b8c47b529edb148b494c, type: 2}
  m_IsPrefabParent: 0
--- !u!1001 &369645979
Prefab:
  m_ObjectHideFlags: 0
  serializedVersion: 2
  m_Modification:
    m_TransformParent: {fileID: 0}
    m_Modifications:
    - target: {fileID: 419296, guid: 34818ff241b7b8c47b529edb148b494c, type: 2}
      propertyPath: m_LocalPosition.x
      value: .00999999978
      objectReference: {fileID: 0}
    - target: {fileID: 419296, guid: 34818ff241b7b8c47b529edb148b494c, type: 2}
      propertyPath: m_LocalPosition.y
      value: 4.17000008
      objectReference: {fileID: 0}
    - target: {fileID: 419296, guid: 34818ff241b7b8c47b529edb148b494c, type: 2}
      propertyPath: m_LocalPosition.z
      value: 0
      objectReference: {fileID: 0}
    - target: {fileID: 419296, guid: 34818ff241b7b8c47b529edb148b494c, type: 2}
      propertyPath: m_LocalRotation.x
      value: 0
      objectReference: {fileID: 0}
    - target: {fileID: 419296, guid: 34818ff241b7b8c47b529edb148b494c, type: 2}
      propertyPath: m_LocalRotation.y
      value: 0
      objectReference: {fileID: 0}
    - target: {fileID: 419296, guid: 34818ff241b7b8c47b529edb148b494c, type: 2}
      propertyPath: m_LocalRotation.z
      value: 0
      objectReference: {fileID: 0}
    - target: {fileID: 419296, guid: 34818ff241b7b8c47b529edb148b494c, type: 2}
      propertyPath: m_LocalRotation.w
      value: 1
      objectReference: {fileID: 0}
    - target: {fileID: 419296, guid: 34818ff241b7b8c47b529edb148b494c, type: 2}
      propertyPath: m_RootOrder
      value: 0
      objectReference: {fileID: 0}
    - target: {fileID: 184094, guid: 34818ff241b7b8c47b529edb148b494c, type: 2}
      propertyPath: m_Name
      value: Block (4)
      objectReference: {fileID: 0}
    - target: {fileID: 21298928, guid: 34818ff241b7b8c47b529edb148b494c, type: 2}
      propertyPath: m_Color.g
      value: 1
      objectReference: {fileID: 0}
    - target: {fileID: 21298928, guid: 34818ff241b7b8c47b529edb148b494c, type: 2}
      propertyPath: m_Color.b
      value: 1
      objectReference: {fileID: 0}
    - target: {fileID: 21298928, guid: 34818ff241b7b8c47b529edb148b494c, type: 2}
      propertyPath: m_Enabled
      value: 1
      objectReference: {fileID: 0}
    - target: {fileID: 419296, guid: 34818ff241b7b8c47b529edb148b494c, type: 2}
      propertyPath: m_LocalScale.x
      value: 28.7634411
      objectReference: {fileID: 0}
    m_RemovedComponents: []
  m_ParentPrefab: {fileID: 100100000, guid: 34818ff241b7b8c47b529edb148b494c, type: 2}
  m_IsPrefabParent: 0
--- !u!1001 &468391285
Prefab:
  m_ObjectHideFlags: 0
  serializedVersion: 2
  m_Modification:
    m_TransformParent: {fileID: 0}
    m_Modifications:
    - target: {fileID: 419296, guid: 34818ff241b7b8c47b529edb148b494c, type: 2}
      propertyPath: m_LocalPosition.x
      value: -6.5999999
      objectReference: {fileID: 0}
    - target: {fileID: 419296, guid: 34818ff241b7b8c47b529edb148b494c, type: 2}
      propertyPath: m_LocalPosition.y
      value: -6.21999979
      objectReference: {fileID: 0}
    - target: {fileID: 419296, guid: 34818ff241b7b8c47b529edb148b494c, type: 2}
      propertyPath: m_LocalPosition.z
      value: 0
      objectReference: {fileID: 0}
    - target: {fileID: 419296, guid: 34818ff241b7b8c47b529edb148b494c, type: 2}
      propertyPath: m_LocalRotation.x
      value: 0
      objectReference: {fileID: 0}
    - target: {fileID: 419296, guid: 34818ff241b7b8c47b529edb148b494c, type: 2}
      propertyPath: m_LocalRotation.y
      value: 0
      objectReference: {fileID: 0}
    - target: {fileID: 419296, guid: 34818ff241b7b8c47b529edb148b494c, type: 2}
      propertyPath: m_LocalRotation.z
      value: 0
      objectReference: {fileID: 0}
    - target: {fileID: 419296, guid: 34818ff241b7b8c47b529edb148b494c, type: 2}
      propertyPath: m_LocalRotation.w
      value: 1
      objectReference: {fileID: 0}
    - target: {fileID: 419296, guid: 34818ff241b7b8c47b529edb148b494c, type: 2}
      propertyPath: m_RootOrder
      value: 4
      objectReference: {fileID: 0}
    - target: {fileID: 21298928, guid: 34818ff241b7b8c47b529edb148b494c, type: 2}
      propertyPath: m_Color.g
      value: 1
      objectReference: {fileID: 0}
    - target: {fileID: 21298928, guid: 34818ff241b7b8c47b529edb148b494c, type: 2}
      propertyPath: m_Color.b
      value: 1
      objectReference: {fileID: 0}
    - target: {fileID: 21298928, guid: 34818ff241b7b8c47b529edb148b494c, type: 2}
      propertyPath: m_Enabled
      value: 1
      objectReference: {fileID: 0}
    - target: {fileID: 419296, guid: 34818ff241b7b8c47b529edb148b494c, type: 2}
      propertyPath: m_LocalScale.y
      value: 42.6122055
      objectReference: {fileID: 0}
    m_RemovedComponents: []
  m_ParentPrefab: {fileID: 100100000, guid: 34818ff241b7b8c47b529edb148b494c, type: 2}
  m_IsPrefabParent: 0
--- !u!1001 &587462368
Prefab:
  m_ObjectHideFlags: 0
  serializedVersion: 2
  m_Modification:
    m_TransformParent: {fileID: 0}
    m_Modifications:
    - target: {fileID: 22434610, guid: 70d4b37c783e19c45b7d2aeaef7ce39a, type: 2}
      propertyPath: m_LocalPosition.x
      value: 0
      objectReference: {fileID: 0}
    - target: {fileID: 22434610, guid: 70d4b37c783e19c45b7d2aeaef7ce39a, type: 2}
      propertyPath: m_LocalPosition.y
      value: 0
      objectReference: {fileID: 0}
    - target: {fileID: 22434610, guid: 70d4b37c783e19c45b7d2aeaef7ce39a, type: 2}
      propertyPath: m_LocalPosition.z
      value: 0
      objectReference: {fileID: 0}
    - target: {fileID: 22434610, guid: 70d4b37c783e19c45b7d2aeaef7ce39a, type: 2}
      propertyPath: m_LocalRotation.x
      value: 0
      objectReference: {fileID: 0}
    - target: {fileID: 22434610, guid: 70d4b37c783e19c45b7d2aeaef7ce39a, type: 2}
      propertyPath: m_LocalRotation.y
      value: 0
      objectReference: {fileID: 0}
    - target: {fileID: 22434610, guid: 70d4b37c783e19c45b7d2aeaef7ce39a, type: 2}
      propertyPath: m_LocalRotation.z
      value: 0
      objectReference: {fileID: 0}
    - target: {fileID: 22434610, guid: 70d4b37c783e19c45b7d2aeaef7ce39a, type: 2}
      propertyPath: m_LocalRotation.w
      value: 1
      objectReference: {fileID: 0}
    - target: {fileID: 22434610, guid: 70d4b37c783e19c45b7d2aeaef7ce39a, type: 2}
      propertyPath: m_RootOrder
      value: 7
      objectReference: {fileID: 0}
    - target: {fileID: 22434610, guid: 70d4b37c783e19c45b7d2aeaef7ce39a, type: 2}
      propertyPath: m_AnchoredPosition.x
      value: 0
      objectReference: {fileID: 0}
    - target: {fileID: 22434610, guid: 70d4b37c783e19c45b7d2aeaef7ce39a, type: 2}
      propertyPath: m_AnchoredPosition.y
      value: 0
      objectReference: {fileID: 0}
    - target: {fileID: 22434610, guid: 70d4b37c783e19c45b7d2aeaef7ce39a, type: 2}
      propertyPath: m_SizeDelta.x
      value: 0
      objectReference: {fileID: 0}
    - target: {fileID: 22434610, guid: 70d4b37c783e19c45b7d2aeaef7ce39a, type: 2}
      propertyPath: m_SizeDelta.y
      value: 0
      objectReference: {fileID: 0}
    - target: {fileID: 22434610, guid: 70d4b37c783e19c45b7d2aeaef7ce39a, type: 2}
      propertyPath: m_AnchorMin.x
      value: 0
      objectReference: {fileID: 0}
    - target: {fileID: 22434610, guid: 70d4b37c783e19c45b7d2aeaef7ce39a, type: 2}
      propertyPath: m_AnchorMin.y
      value: 0
      objectReference: {fileID: 0}
    - target: {fileID: 22434610, guid: 70d4b37c783e19c45b7d2aeaef7ce39a, type: 2}
      propertyPath: m_AnchorMax.x
      value: 0
      objectReference: {fileID: 0}
    - target: {fileID: 22434610, guid: 70d4b37c783e19c45b7d2aeaef7ce39a, type: 2}
      propertyPath: m_AnchorMax.y
      value: 0
      objectReference: {fileID: 0}
    - target: {fileID: 22434610, guid: 70d4b37c783e19c45b7d2aeaef7ce39a, type: 2}
      propertyPath: m_Pivot.x
      value: 0
      objectReference: {fileID: 0}
    - target: {fileID: 22434610, guid: 70d4b37c783e19c45b7d2aeaef7ce39a, type: 2}
      propertyPath: m_Pivot.y
      value: 0
      objectReference: {fileID: 0}
    - target: {fileID: 22344944, guid: 70d4b37c783e19c45b7d2aeaef7ce39a, type: 2}
      propertyPath: m_Camera
      value: 
      objectReference: {fileID: 164286345}
    m_RemovedComponents: []
  m_ParentPrefab: {fileID: 100100000, guid: 70d4b37c783e19c45b7d2aeaef7ce39a, type: 2}
  m_IsPrefabParent: 0
--- !u!1001 &660816926
Prefab:
  m_ObjectHideFlags: 0
  serializedVersion: 2
  m_Modification:
    m_TransformParent: {fileID: 0}
    m_Modifications:
    - target: {fileID: 482444, guid: c45b3a47770b1b545a64cafcd4c41e43, type: 2}
      propertyPath: m_LocalPosition.x
      value: -5.76118851
      objectReference: {fileID: 0}
    - target: {fileID: 482444, guid: c45b3a47770b1b545a64cafcd4c41e43, type: 2}
      propertyPath: m_LocalPosition.y
      value: -13.5999441
      objectReference: {fileID: 0}
    - target: {fileID: 482444, guid: c45b3a47770b1b545a64cafcd4c41e43, type: 2}
      propertyPath: m_LocalPosition.z
      value: 0
      objectReference: {fileID: 0}
    - target: {fileID: 482444, guid: c45b3a47770b1b545a64cafcd4c41e43, type: 2}
      propertyPath: m_LocalRotation.x
      value: 0
      objectReference: {fileID: 0}
    - target: {fileID: 482444, guid: c45b3a47770b1b545a64cafcd4c41e43, type: 2}
      propertyPath: m_LocalRotation.y
      value: 0
      objectReference: {fileID: 0}
    - target: {fileID: 482444, guid: c45b3a47770b1b545a64cafcd4c41e43, type: 2}
      propertyPath: m_LocalRotation.z
      value: 0
      objectReference: {fileID: 0}
    - target: {fileID: 482444, guid: c45b3a47770b1b545a64cafcd4c41e43, type: 2}
      propertyPath: m_LocalRotation.w
      value: 1
      objectReference: {fileID: 0}
    - target: {fileID: 482444, guid: c45b3a47770b1b545a64cafcd4c41e43, type: 2}
      propertyPath: m_RootOrder
      value: 0
      objectReference: {fileID: 0}
    - target: {fileID: 11425618, guid: c45b3a47770b1b545a64cafcd4c41e43, type: 2}
      propertyPath: index
      value: 12
      objectReference: {fileID: 0}
    - target: {fileID: 11425618, guid: c45b3a47770b1b545a64cafcd4c41e43, type: 2}
      propertyPath: newPointX
      value: -6.14916182
      objectReference: {fileID: 0}
    - target: {fileID: 11425618, guid: c45b3a47770b1b545a64cafcd4c41e43, type: 2}
      propertyPath: newPointY
      value: 4.82107496
      objectReference: {fileID: 0}
    - target: {fileID: 11425618, guid: c45b3a47770b1b545a64cafcd4c41e43, type: 2}
      propertyPath: newCameraX
      value: -1.28499699
      objectReference: {fileID: 0}
    - target: {fileID: 11425618, guid: c45b3a47770b1b545a64cafcd4c41e43, type: 2}
      propertyPath: newCameraY
      value: 4.82107401
      objectReference: {fileID: 0}
    - target: {fileID: 11425618, guid: c45b3a47770b1b545a64cafcd4c41e43, type: 2}
      propertyPath: LevelName
      value: Level5
      objectReference: {fileID: 0}
    - target: {fileID: 11425618, guid: c45b3a47770b1b545a64cafcd4c41e43, type: 2}
      propertyPath: Door
      value: 
      objectReference: {fileID: 134090, guid: 437f347d9ebc4b94a86f2d43d5f07d6d, type: 2}
    m_RemovedComponents: []
  m_ParentPrefab: {fileID: 100100000, guid: c45b3a47770b1b545a64cafcd4c41e43, type: 2}
  m_IsPrefabParent: 0
--- !u!1001 &838662052
Prefab:
  m_ObjectHideFlags: 0
  serializedVersion: 2
  m_Modification:
    m_TransformParent: {fileID: 0}
    m_Modifications:
    - target: {fileID: 405446, guid: 294f8d38d87f22c47ab6fbca460f0df3, type: 2}
      propertyPath: m_LocalPosition.x
      value: 0
      objectReference: {fileID: 0}
    - target: {fileID: 405446, guid: 294f8d38d87f22c47ab6fbca460f0df3, type: 2}
      propertyPath: m_LocalPosition.y
      value: 0
      objectReference: {fileID: 0}
    - target: {fileID: 405446, guid: 294f8d38d87f22c47ab6fbca460f0df3, type: 2}
      propertyPath: m_LocalPosition.z
      value: 0
      objectReference: {fileID: 0}
    - target: {fileID: 405446, guid: 294f8d38d87f22c47ab6fbca460f0df3, type: 2}
      propertyPath: m_LocalRotation.x
      value: 0
      objectReference: {fileID: 0}
    - target: {fileID: 405446, guid: 294f8d38d87f22c47ab6fbca460f0df3, type: 2}
      propertyPath: m_LocalRotation.y
      value: 0
      objectReference: {fileID: 0}
    - target: {fileID: 405446, guid: 294f8d38d87f22c47ab6fbca460f0df3, type: 2}
      propertyPath: m_LocalRotation.z
      value: 0
      objectReference: {fileID: 0}
    - target: {fileID: 405446, guid: 294f8d38d87f22c47ab6fbca460f0df3, type: 2}
      propertyPath: m_LocalRotation.w
      value: 1
      objectReference: {fileID: 0}
    - target: {fileID: 405446, guid: 294f8d38d87f22c47ab6fbca460f0df3, type: 2}
      propertyPath: m_RootOrder
      value: 5
      objectReference: {fileID: 0}
    m_RemovedComponents: []
  m_ParentPrefab: {fileID: 100100000, guid: 294f8d38d87f22c47ab6fbca460f0df3, type: 2}
  m_IsPrefabParent: 0
--- !u!1001 &856562736
Prefab:
  m_ObjectHideFlags: 0
  serializedVersion: 2
  m_Modification:
    m_TransformParent: {fileID: 0}
    m_Modifications:
    - target: {fileID: 418174, guid: ecda8a2c7bf74464aab7e1636ba90864, type: 2}
      propertyPath: m_LocalPosition.x
      value: 4.4672637
      objectReference: {fileID: 0}
    - target: {fileID: 418174, guid: ecda8a2c7bf74464aab7e1636ba90864, type: 2}
      propertyPath: m_LocalPosition.y
      value: 3.48670912
      objectReference: {fileID: 0}
    - target: {fileID: 418174, guid: ecda8a2c7bf74464aab7e1636ba90864, type: 2}
      propertyPath: m_LocalPosition.z
      value: 0
      objectReference: {fileID: 0}
    - target: {fileID: 418174, guid: ecda8a2c7bf74464aab7e1636ba90864, type: 2}
      propertyPath: m_LocalRotation.x
      value: 0
      objectReference: {fileID: 0}
    - target: {fileID: 418174, guid: ecda8a2c7bf74464aab7e1636ba90864, type: 2}
      propertyPath: m_LocalRotation.y
      value: 0
      objectReference: {fileID: 0}
    - target: {fileID: 418174, guid: ecda8a2c7bf74464aab7e1636ba90864, type: 2}
      propertyPath: m_LocalRotation.z
      value: 0
      objectReference: {fileID: 0}
    - target: {fileID: 418174, guid: ecda8a2c7bf74464aab7e1636ba90864, type: 2}
      propertyPath: m_LocalRotation.w
      value: 1
      objectReference: {fileID: 0}
    - target: {fileID: 418174, guid: ecda8a2c7bf74464aab7e1636ba90864, type: 2}
      propertyPath: m_RootOrder
      value: 0
      objectReference: {fileID: 0}
    - target: {fileID: 11460526, guid: ecda8a2c7bf74464aab7e1636ba90864, type: 2}
      propertyPath: index
      value: 15
      objectReference: {fileID: 0}
    - target: {fileID: 11460526, guid: ecda8a2c7bf74464aab7e1636ba90864, type: 2}
      propertyPath: hpUp
      value: 10
      objectReference: {fileID: 0}
    m_RemovedComponents: []
  m_ParentPrefab: {fileID: 100100000, guid: ecda8a2c7bf74464aab7e1636ba90864, type: 2}
  m_IsPrefabParent: 0
--- !u!1001 &892735571
Prefab:
  m_ObjectHideFlags: 0
  serializedVersion: 2
  m_Modification:
    m_TransformParent: {fileID: 0}
    m_Modifications:
    - target: {fileID: 419296, guid: 34818ff241b7b8c47b529edb148b494c, type: 2}
      propertyPath: m_LocalPosition.x
      value: 4.0999999
      objectReference: {fileID: 0}
    - target: {fileID: 419296, guid: 34818ff241b7b8c47b529edb148b494c, type: 2}
      propertyPath: m_LocalPosition.y
      value: 1.13999999
      objectReference: {fileID: 0}
    - target: {fileID: 419296, guid: 34818ff241b7b8c47b529edb148b494c, type: 2}
      propertyPath: m_LocalPosition.z
      value: 0
      objectReference: {fileID: 0}
    - target: {fileID: 419296, guid: 34818ff241b7b8c47b529edb148b494c, type: 2}
      propertyPath: m_LocalRotation.x
      value: 0
      objectReference: {fileID: 0}
    - target: {fileID: 419296, guid: 34818ff241b7b8c47b529edb148b494c, type: 2}
      propertyPath: m_LocalRotation.y
      value: 0
      objectReference: {fileID: 0}
    - target: {fileID: 419296, guid: 34818ff241b7b8c47b529edb148b494c, type: 2}
      propertyPath: m_LocalRotation.z
      value: 0
      objectReference: {fileID: 0}
    - target: {fileID: 419296, guid: 34818ff241b7b8c47b529edb148b494c, type: 2}
      propertyPath: m_LocalRotation.w
      value: 1
      objectReference: {fileID: 0}
    - target: {fileID: 419296, guid: 34818ff241b7b8c47b529edb148b494c, type: 2}
      propertyPath: m_RootOrder
      value: 0
      objectReference: {fileID: 0}
    - target: {fileID: 184094, guid: 34818ff241b7b8c47b529edb148b494c, type: 2}
      propertyPath: m_Name
      value: Block (5)
      objectReference: {fileID: 0}
    - target: {fileID: 21298928, guid: 34818ff241b7b8c47b529edb148b494c, type: 2}
      propertyPath: m_Color.g
      value: 1
      objectReference: {fileID: 0}
    - target: {fileID: 21298928, guid: 34818ff241b7b8c47b529edb148b494c, type: 2}
      propertyPath: m_Color.b
      value: 1
      objectReference: {fileID: 0}
    - target: {fileID: 21298928, guid: 34818ff241b7b8c47b529edb148b494c, type: 2}
      propertyPath: m_Enabled
      value: 1
      objectReference: {fileID: 0}
    - target: {fileID: 419296, guid: 34818ff241b7b8c47b529edb148b494c, type: 2}
      propertyPath: m_LocalScale.x
      value: 9.68204212
      objectReference: {fileID: 0}
    - target: {fileID: 419296, guid: 34818ff241b7b8c47b529edb148b494c, type: 2}
      propertyPath: m_LocalScale.y
      value: 2
      objectReference: {fileID: 0}
    m_RemovedComponents: []
  m_ParentPrefab: {fileID: 100100000, guid: 34818ff241b7b8c47b529edb148b494c, type: 2}
  m_IsPrefabParent: 0
--- !u!1001 &941377763
Prefab:
  m_ObjectHideFlags: 0
  serializedVersion: 2
  m_Modification:
    m_TransformParent: {fileID: 0}
    m_Modifications:
    - target: {fileID: 428020, guid: e695c347d99d79b4d95409e2223011d5, type: 2}
      propertyPath: m_LocalPosition.x
      value: 6.96999979
      objectReference: {fileID: 0}
    - target: {fileID: 428020, guid: e695c347d99d79b4d95409e2223011d5, type: 2}
      propertyPath: m_LocalPosition.y
      value: -5.32999992
      objectReference: {fileID: 0}
    - target: {fileID: 428020, guid: e695c347d99d79b4d95409e2223011d5, type: 2}
      propertyPath: m_LocalPosition.z
      value: 0
      objectReference: {fileID: 0}
    - target: {fileID: 428020, guid: e695c347d99d79b4d95409e2223011d5, type: 2}
      propertyPath: m_LocalRotation.x
      value: 0
      objectReference: {fileID: 0}
    - target: {fileID: 428020, guid: e695c347d99d79b4d95409e2223011d5, type: 2}
      propertyPath: m_LocalRotation.y
      value: 0
      objectReference: {fileID: 0}
    - target: {fileID: 428020, guid: e695c347d99d79b4d95409e2223011d5, type: 2}
      propertyPath: m_LocalRotation.z
      value: .707106829
      objectReference: {fileID: 0}
    - target: {fileID: 428020, guid: e695c347d99d79b4d95409e2223011d5, type: 2}
      propertyPath: m_LocalRotation.w
      value: .707106709
      objectReference: {fileID: 0}
    - target: {fileID: 428020, guid: e695c347d99d79b4d95409e2223011d5, type: 2}
      propertyPath: m_RootOrder
      value: 0
      objectReference: {fileID: 0}
    - target: {fileID: 145170, guid: e695c347d99d79b4d95409e2223011d5, type: 2}
      propertyPath: m_Name
      value: CamraBlock (1)
      objectReference: {fileID: 0}
    - target: {fileID: 428020, guid: e695c347d99d79b4d95409e2223011d5, type: 2}
      propertyPath: m_LocalScale.y
      value: 2.00000525
      objectReference: {fileID: 0}
    - target: {fileID: 428020, guid: e695c347d99d79b4d95409e2223011d5, type: 2}
      propertyPath: m_LocalScale.x
      value: 81.5580063
      objectReference: {fileID: 0}
    m_RemovedComponents: []
  m_ParentPrefab: {fileID: 100100000, guid: e695c347d99d79b4d95409e2223011d5, type: 2}
  m_IsPrefabParent: 0
--- !u!1001 &1026052724
Prefab:
  m_ObjectHideFlags: 0
  serializedVersion: 2
  m_Modification:
    m_TransformParent: {fileID: 0}
    m_Modifications:
    - target: {fileID: 453010, guid: c83eea75ab702c14bb789adcb86cced4, type: 2}
      propertyPath: m_LocalPosition.x
      value: -.0700000003
      objectReference: {fileID: 0}
    - target: {fileID: 453010, guid: c83eea75ab702c14bb789adcb86cced4, type: 2}
      propertyPath: m_LocalPosition.y
      value: -13.04
      objectReference: {fileID: 0}
    - target: {fileID: 453010, guid: c83eea75ab702c14bb789adcb86cced4, type: 2}
      propertyPath: m_LocalPosition.z
      value: -0
      objectReference: {fileID: 0}
    - target: {fileID: 453010, guid: c83eea75ab702c14bb789adcb86cced4, type: 2}
      propertyPath: m_LocalRotation.x
      value: -.00326633547
      objectReference: {fileID: 0}
    - target: {fileID: 453010, guid: c83eea75ab702c14bb789adcb86cced4, type: 2}
      propertyPath: m_LocalRotation.y
      value: 0
      objectReference: {fileID: 0}
    - target: {fileID: 453010, guid: c83eea75ab702c14bb789adcb86cced4, type: 2}
      propertyPath: m_LocalRotation.z
      value: 0
      objectReference: {fileID: 0}
    - target: {fileID: 453010, guid: c83eea75ab702c14bb789adcb86cced4, type: 2}
      propertyPath: m_LocalRotation.w
      value: .999994695
      objectReference: {fileID: 0}
    - target: {fileID: 453010, guid: c83eea75ab702c14bb789adcb86cced4, type: 2}
      propertyPath: m_RootOrder
      value: 0
      objectReference: {fileID: 0}
    m_RemovedComponents: []
  m_ParentPrefab: {fileID: 100100000, guid: c83eea75ab702c14bb789adcb86cced4, type: 2}
  m_IsPrefabParent: 0
--- !u!1001 &1109543912
Prefab:
  m_ObjectHideFlags: 0
  serializedVersion: 2
  m_Modification:
    m_TransformParent: {fileID: 0}
    m_Modifications:
    - target: {fileID: 449304, guid: 2ac767770003455479589e92b1b60750, type: 2}
      propertyPath: m_LocalPosition.x
      value: 0
      objectReference: {fileID: 0}
    - target: {fileID: 449304, guid: 2ac767770003455479589e92b1b60750, type: 2}
      propertyPath: m_LocalPosition.y
      value: 0
      objectReference: {fileID: 0}
    - target: {fileID: 449304, guid: 2ac767770003455479589e92b1b60750, type: 2}
      propertyPath: m_LocalPosition.z
      value: 0
      objectReference: {fileID: 0}
    - target: {fileID: 449304, guid: 2ac767770003455479589e92b1b60750, type: 2}
      propertyPath: m_LocalRotation.x
      value: 0
      objectReference: {fileID: 0}
    - target: {fileID: 449304, guid: 2ac767770003455479589e92b1b60750, type: 2}
      propertyPath: m_LocalRotation.y
      value: 0
      objectReference: {fileID: 0}
    - target: {fileID: 449304, guid: 2ac767770003455479589e92b1b60750, type: 2}
      propertyPath: m_LocalRotation.z
      value: 0
      objectReference: {fileID: 0}
    - target: {fileID: 449304, guid: 2ac767770003455479589e92b1b60750, type: 2}
      propertyPath: m_LocalRotation.w
      value: 1
      objectReference: {fileID: 0}
    - target: {fileID: 449304, guid: 2ac767770003455479589e92b1b60750, type: 2}
      propertyPath: m_RootOrder
      value: 2
      objectReference: {fileID: 0}
    m_RemovedComponents: []
  m_ParentPrefab: {fileID: 100100000, guid: 2ac767770003455479589e92b1b60750, type: 2}
  m_IsPrefabParent: 0
--- !u!1001 &1251353968
Prefab:
  m_ObjectHideFlags: 0
  serializedVersion: 2
  m_Modification:
    m_TransformParent: {fileID: 0}
    m_Modifications:
    - target: {fileID: 428020, guid: e695c347d99d79b4d95409e2223011d5, type: 2}
      propertyPath: m_LocalPosition.x
      value: .0199999996
      objectReference: {fileID: 0}
    - target: {fileID: 428020, guid: e695c347d99d79b4d95409e2223011d5, type: 2}
      propertyPath: m_LocalPosition.y
      value: 4.5999999
      objectReference: {fileID: 0}
    - target: {fileID: 428020, guid: e695c347d99d79b4d95409e2223011d5, type: 2}
      propertyPath: m_LocalPosition.z
      value: 0
      objectReference: {fileID: 0}
    - target: {fileID: 428020, guid: e695c347d99d79b4d95409e2223011d5, type: 2}
      propertyPath: m_LocalRotation.x
      value: 0
      objectReference: {fileID: 0}
    - target: {fileID: 428020, guid: e695c347d99d79b4d95409e2223011d5, type: 2}
      propertyPath: m_LocalRotation.y
      value: 0
      objectReference: {fileID: 0}
    - target: {fileID: 428020, guid: e695c347d99d79b4d95409e2223011d5, type: 2}
      propertyPath: m_LocalRotation.z
      value: 1
      objectReference: {fileID: 0}
    - target: {fileID: 428020, guid: e695c347d99d79b4d95409e2223011d5, type: 2}
      propertyPath: m_LocalRotation.w
      value: -1.62920685e-07
      objectReference: {fileID: 0}
    - target: {fileID: 428020, guid: e695c347d99d79b4d95409e2223011d5, type: 2}
      propertyPath: m_RootOrder
      value: 0
      objectReference: {fileID: 0}
    - target: {fileID: 145170, guid: e695c347d99d79b4d95409e2223011d5, type: 2}
      propertyPath: m_Name
      value: CamraBlock (2)
      objectReference: {fileID: 0}
    - target: {fileID: 428020, guid: e695c347d99d79b4d95409e2223011d5, type: 2}
      propertyPath: m_LocalScale.x
      value: 58.5084648
      objectReference: {fileID: 0}
    - target: {fileID: 428020, guid: e695c347d99d79b4d95409e2223011d5, type: 2}
      propertyPath: m_LocalScale.y
      value: 1.46470618
      objectReference: {fileID: 0}
    m_RemovedComponents: []
  m_ParentPrefab: {fileID: 100100000, guid: e695c347d99d79b4d95409e2223011d5, type: 2}
  m_IsPrefabParent: 0
--- !u!1001 &1401985011
Prefab:
  m_ObjectHideFlags: 0
  serializedVersion: 2
  m_Modification:
    m_TransformParent: {fileID: 0}
    m_Modifications:
    - target: {fileID: 430660, guid: 082576c32cc569b4e9d554db94354c62, type: 2}
      propertyPath: m_LocalPosition.x
      value: 3.6726532
      objectReference: {fileID: 0}
    - target: {fileID: 430660, guid: 082576c32cc569b4e9d554db94354c62, type: 2}
      propertyPath: m_LocalPosition.y
      value: -14.355567
      objectReference: {fileID: 0}
    - target: {fileID: 430660, guid: 082576c32cc569b4e9d554db94354c62, type: 2}
      propertyPath: m_LocalPosition.z
      value: 0
      objectReference: {fileID: 0}
    - target: {fileID: 430660, guid: 082576c32cc569b4e9d554db94354c62, type: 2}
      propertyPath: m_LocalRotation.x
      value: 0
      objectReference: {fileID: 0}
    - target: {fileID: 430660, guid: 082576c32cc569b4e9d554db94354c62, type: 2}
      propertyPath: m_LocalRotation.y
      value: 0
      objectReference: {fileID: 0}
    - target: {fileID: 430660, guid: 082576c32cc569b4e9d554db94354c62, type: 2}
      propertyPath: m_LocalRotation.z
      value: 0
      objectReference: {fileID: 0}
    - target: {fileID: 430660, guid: 082576c32cc569b4e9d554db94354c62, type: 2}
      propertyPath: m_LocalRotation.w
      value: 1
      objectReference: {fileID: 0}
    - target: {fileID: 430660, guid: 082576c32cc569b4e9d554db94354c62, type: 2}
      propertyPath: m_RootOrder
      value: 0
      objectReference: {fileID: 0}
    - target: {fileID: 146760, guid: 082576c32cc569b4e9d554db94354c62, type: 2}
      propertyPath: m_Name
      value: Pot (1)
      objectReference: {fileID: 0}
    - target: {fileID: 11454702, guid: 082576c32cc569b4e9d554db94354c62, type: 2}
      propertyPath: Drops.Array.data[0]
      value: 
      objectReference: {fileID: 102096, guid: c83eea75ab702c14bb789adcb86cced4, type: 2}
    m_RemovedComponents: []
  m_ParentPrefab: {fileID: 100100000, guid: 082576c32cc569b4e9d554db94354c62, type: 2}
  m_IsPrefabParent: 0
--- !u!1001 &1446576664
Prefab:
  m_ObjectHideFlags: 0
  serializedVersion: 2
  m_Modification:
    m_TransformParent: {fileID: 0}
    m_Modifications:
    - target: {fileID: 405214, guid: 7f70b36022b18644b989fd724ebceb65, type: 2}
      propertyPath: m_LocalPosition.x
      value: 0
      objectReference: {fileID: 0}
    - target: {fileID: 405214, guid: 7f70b36022b18644b989fd724ebceb65, type: 2}
      propertyPath: m_LocalPosition.y
      value: 0
      objectReference: {fileID: 0}
    - target: {fileID: 405214, guid: 7f70b36022b18644b989fd724ebceb65, type: 2}
      propertyPath: m_LocalPosition.z
      value: 0
      objectReference: {fileID: 0}
    - target: {fileID: 405214, guid: 7f70b36022b18644b989fd724ebceb65, type: 2}
      propertyPath: m_LocalRotation.x
      value: 0
      objectReference: {fileID: 0}
    - target: {fileID: 405214, guid: 7f70b36022b18644b989fd724ebceb65, type: 2}
      propertyPath: m_LocalRotation.y
      value: 0
      objectReference: {fileID: 0}
    - target: {fileID: 405214, guid: 7f70b36022b18644b989fd724ebceb65, type: 2}
      propertyPath: m_LocalRotation.z
      value: 0
      objectReference: {fileID: 0}
    - target: {fileID: 405214, guid: 7f70b36022b18644b989fd724ebceb65, type: 2}
      propertyPath: m_LocalRotation.w
      value: 1
      objectReference: {fileID: 0}
    - target: {fileID: 405214, guid: 7f70b36022b18644b989fd724ebceb65, type: 2}
      propertyPath: m_RootOrder
      value: 1
      objectReference: {fileID: 0}
    m_RemovedComponents: []
  m_ParentPrefab: {fileID: 100100000, guid: 7f70b36022b18644b989fd724ebceb65, type: 2}
  m_IsPrefabParent: 0
--- !u!1001 &1450204845
Prefab:
  m_ObjectHideFlags: 0
  serializedVersion: 2
  m_Modification:
    m_TransformParent: {fileID: 0}
    m_Modifications:
    - target: {fileID: 22411450, guid: 7853b9caec2a3ba4ba1c533db55eb695, type: 2}
      propertyPath: m_LocalPosition.x
      value: 0
      objectReference: {fileID: 0}
    - target: {fileID: 22411450, guid: 7853b9caec2a3ba4ba1c533db55eb695, type: 2}
      propertyPath: m_LocalPosition.y
      value: 0
      objectReference: {fileID: 0}
    - target: {fileID: 22411450, guid: 7853b9caec2a3ba4ba1c533db55eb695, type: 2}
      propertyPath: m_LocalPosition.z
      value: 0
      objectReference: {fileID: 0}
    - target: {fileID: 22411450, guid: 7853b9caec2a3ba4ba1c533db55eb695, type: 2}
      propertyPath: m_LocalRotation.x
      value: 0
      objectReference: {fileID: 0}
    - target: {fileID: 22411450, guid: 7853b9caec2a3ba4ba1c533db55eb695, type: 2}
      propertyPath: m_LocalRotation.y
      value: 0
      objectReference: {fileID: 0}
    - target: {fileID: 22411450, guid: 7853b9caec2a3ba4ba1c533db55eb695, type: 2}
      propertyPath: m_LocalRotation.z
      value: 0
      objectReference: {fileID: 0}
    - target: {fileID: 22411450, guid: 7853b9caec2a3ba4ba1c533db55eb695, type: 2}
      propertyPath: m_LocalRotation.w
      value: 1
      objectReference: {fileID: 0}
    - target: {fileID: 22411450, guid: 7853b9caec2a3ba4ba1c533db55eb695, type: 2}
      propertyPath: m_RootOrder
      value: 6
      objectReference: {fileID: 0}
    - target: {fileID: 22411450, guid: 7853b9caec2a3ba4ba1c533db55eb695, type: 2}
      propertyPath: m_AnchoredPosition.x
      value: 0
      objectReference: {fileID: 0}
    - target: {fileID: 22411450, guid: 7853b9caec2a3ba4ba1c533db55eb695, type: 2}
      propertyPath: m_AnchoredPosition.y
      value: 0
      objectReference: {fileID: 0}
    - target: {fileID: 22411450, guid: 7853b9caec2a3ba4ba1c533db55eb695, type: 2}
      propertyPath: m_SizeDelta.x
      value: 0
      objectReference: {fileID: 0}
    - target: {fileID: 22411450, guid: 7853b9caec2a3ba4ba1c533db55eb695, type: 2}
      propertyPath: m_SizeDelta.y
      value: 0
      objectReference: {fileID: 0}
    - target: {fileID: 22411450, guid: 7853b9caec2a3ba4ba1c533db55eb695, type: 2}
      propertyPath: m_AnchorMin.x
      value: 0
      objectReference: {fileID: 0}
    - target: {fileID: 22411450, guid: 7853b9caec2a3ba4ba1c533db55eb695, type: 2}
      propertyPath: m_AnchorMin.y
      value: 0
      objectReference: {fileID: 0}
    - target: {fileID: 22411450, guid: 7853b9caec2a3ba4ba1c533db55eb695, type: 2}
      propertyPath: m_AnchorMax.x
      value: 0
      objectReference: {fileID: 0}
    - target: {fileID: 22411450, guid: 7853b9caec2a3ba4ba1c533db55eb695, type: 2}
      propertyPath: m_AnchorMax.y
      value: 0
      objectReference: {fileID: 0}
    - target: {fileID: 22411450, guid: 7853b9caec2a3ba4ba1c533db55eb695, type: 2}
      propertyPath: m_Pivot.x
      value: 0
      objectReference: {fileID: 0}
    - target: {fileID: 22411450, guid: 7853b9caec2a3ba4ba1c533db55eb695, type: 2}
      propertyPath: m_Pivot.y
      value: 0
      objectReference: {fileID: 0}
    - target: {fileID: 22355366, guid: 7853b9caec2a3ba4ba1c533db55eb695, type: 2}
      propertyPath: m_Camera
      value: 
      objectReference: {fileID: 164286345}
    m_RemovedComponents: []
  m_ParentPrefab: {fileID: 100100000, guid: 7853b9caec2a3ba4ba1c533db55eb695, type: 2}
  m_IsPrefabParent: 0
--- !u!1001 &1562724559
Prefab:
  m_ObjectHideFlags: 0
  serializedVersion: 2
  m_Modification:
    m_TransformParent: {fileID: 0}
    m_Modifications:
    - target: {fileID: 416038, guid: f906c5e99feb5234fbb9b99603692abd, type: 2}
      propertyPath: m_LocalPosition.x
      value: -4.28999996
      objectReference: {fileID: 0}
    - target: {fileID: 416038, guid: f906c5e99feb5234fbb9b99603692abd, type: 2}
      propertyPath: m_LocalPosition.y
      value: -2.00999999
      objectReference: {fileID: 0}
    - target: {fileID: 416038, guid: f906c5e99feb5234fbb9b99603692abd, type: 2}
      propertyPath: m_LocalPosition.z
      value: 0
      objectReference: {fileID: 0}
    - target: {fileID: 416038, guid: f906c5e99feb5234fbb9b99603692abd, type: 2}
      propertyPath: m_LocalRotation.x
      value: 0
      objectReference: {fileID: 0}
    - target: {fileID: 416038, guid: f906c5e99feb5234fbb9b99603692abd, type: 2}
      propertyPath: m_LocalRotation.y
      value: 0
      objectReference: {fileID: 0}
    - target: {fileID: 416038, guid: f906c5e99feb5234fbb9b99603692abd, type: 2}
      propertyPath: m_LocalRotation.z
      value: 0
      objectReference: {fileID: 0}
    - target: {fileID: 416038, guid: f906c5e99feb5234fbb9b99603692abd, type: 2}
      propertyPath: m_LocalRotation.w
      value: 1
      objectReference: {fileID: 0}
    - target: {fileID: 416038, guid: f906c5e99feb5234fbb9b99603692abd, type: 2}
      propertyPath: m_RootOrder
      value: 4
      objectReference: {fileID: 0}
    m_RemovedComponents: []
  m_ParentPrefab: {fileID: 100100000, guid: f906c5e99feb5234fbb9b99603692abd, type: 2}
  m_IsPrefabParent: 0
--- !u!1001 &1603144572
Prefab:
  m_ObjectHideFlags: 0
  serializedVersion: 2
  m_Modification:
    m_TransformParent: {fileID: 0}
    m_Modifications:
    - target: {fileID: 483284, guid: 6bbb2f2a4145c4f4ea4b7182dc77d411, type: 2}
      propertyPath: m_LocalPosition.x
      value: -.0825657845
      objectReference: {fileID: 0}
    - target: {fileID: 483284, guid: 6bbb2f2a4145c4f4ea4b7182dc77d411, type: 2}
      propertyPath: m_LocalPosition.y
      value: -14.5616465
      objectReference: {fileID: 0}
    - target: {fileID: 483284, guid: 6bbb2f2a4145c4f4ea4b7182dc77d411, type: 2}
      propertyPath: m_LocalPosition.z
      value: 0
      objectReference: {fileID: 0}
    - target: {fileID: 483284, guid: 6bbb2f2a4145c4f4ea4b7182dc77d411, type: 2}
      propertyPath: m_LocalRotation.x
      value: 0
      objectReference: {fileID: 0}
    - target: {fileID: 483284, guid: 6bbb2f2a4145c4f4ea4b7182dc77d411, type: 2}
      propertyPath: m_LocalRotation.y
      value: 0
      objectReference: {fileID: 0}
    - target: {fileID: 483284, guid: 6bbb2f2a4145c4f4ea4b7182dc77d411, type: 2}
      propertyPath: m_LocalRotation.z
      value: 0
      objectReference: {fileID: 0}
    - target: {fileID: 483284, guid: 6bbb2f2a4145c4f4ea4b7182dc77d411, type: 2}
      propertyPath: m_LocalRotation.w
      value: 1
      objectReference: {fileID: 0}
    - target: {fileID: 483284, guid: 6bbb2f2a4145c4f4ea4b7182dc77d411, type: 2}
      propertyPath: m_RootOrder
      value: 0
      objectReference: {fileID: 0}
    - target: {fileID: 11425622, guid: 6bbb2f2a4145c4f4ea4b7182dc77d411, type: 2}
      propertyPath: LevelName
      value: Level8
      objectReference: {fileID: 0}
    m_RemovedComponents: []
  m_ParentPrefab: {fileID: 100100000, guid: 6bbb2f2a4145c4f4ea4b7182dc77d411, type: 2}
  m_IsPrefabParent: 0
--- !u!1001 &1639337595
Prefab:
  m_ObjectHideFlags: 0
  serializedVersion: 2
  m_Modification:
    m_TransformParent: {fileID: 0}
    m_Modifications:
    - target: {fileID: 433444, guid: 440ae957740dd43458a7cd3b21523ef8, type: 2}
      propertyPath: m_LocalPosition.x
      value: 2.25
      objectReference: {fileID: 0}
    - target: {fileID: 433444, guid: 440ae957740dd43458a7cd3b21523ef8, type: 2}
      propertyPath: m_LocalPosition.y
      value: 1.90999997
      objectReference: {fileID: 0}
    - target: {fileID: 433444, guid: 440ae957740dd43458a7cd3b21523ef8, type: 2}
      propertyPath: m_LocalPosition.z
      value: 0
      objectReference: {fileID: 0}
    - target: {fileID: 433444, guid: 440ae957740dd43458a7cd3b21523ef8, type: 2}
      propertyPath: m_LocalRotation.x
      value: 0
      objectReference: {fileID: 0}
    - target: {fileID: 433444, guid: 440ae957740dd43458a7cd3b21523ef8, type: 2}
      propertyPath: m_LocalRotation.y
      value: 0
      objectReference: {fileID: 0}
    - target: {fileID: 433444, guid: 440ae957740dd43458a7cd3b21523ef8, type: 2}
      propertyPath: m_LocalRotation.z
      value: 0
      objectReference: {fileID: 0}
    - target: {fileID: 433444, guid: 440ae957740dd43458a7cd3b21523ef8, type: 2}
      propertyPath: m_LocalRotation.w
      value: 1
      objectReference: {fileID: 0}
    - target: {fileID: 433444, guid: 440ae957740dd43458a7cd3b21523ef8, type: 2}
      propertyPath: m_RootOrder
      value: 0
      objectReference: {fileID: 0}
    - target: {fileID: 11497092, guid: 440ae957740dd43458a7cd3b21523ef8, type: 2}
      propertyPath: index
      value: 13
      objectReference: {fileID: 0}
    m_RemovedComponents: []
  m_ParentPrefab: {fileID: 100100000, guid: 440ae957740dd43458a7cd3b21523ef8, type: 2}
  m_IsPrefabParent: 0
--- !u!1001 &1659974352
Prefab:
  m_ObjectHideFlags: 0
  serializedVersion: 2
  m_Modification:
    m_TransformParent: {fileID: 0}
    m_Modifications:
    - target: {fileID: 497646, guid: 437f347d9ebc4b94a86f2d43d5f07d6d, type: 2}
      propertyPath: m_LocalPosition.x
      value: 5.68764877
      objectReference: {fileID: 0}
    - target: {fileID: 497646, guid: 437f347d9ebc4b94a86f2d43d5f07d6d, type: 2}
      propertyPath: m_LocalPosition.y
      value: -13.5999441
      objectReference: {fileID: 0}
    - target: {fileID: 497646, guid: 437f347d9ebc4b94a86f2d43d5f07d6d, type: 2}
      propertyPath: m_LocalPosition.z
      value: 0
      objectReference: {fileID: 0}
    - target: {fileID: 497646, guid: 437f347d9ebc4b94a86f2d43d5f07d6d, type: 2}
      propertyPath: m_LocalRotation.x
      value: 0
      objectReference: {fileID: 0}
    - target: {fileID: 497646, guid: 437f347d9ebc4b94a86f2d43d5f07d6d, type: 2}
      propertyPath: m_LocalRotation.y
      value: 0
      objectReference: {fileID: 0}
    - target: {fileID: 497646, guid: 437f347d9ebc4b94a86f2d43d5f07d6d, type: 2}
      propertyPath: m_LocalRotation.z
      value: 0
      objectReference: {fileID: 0}
    - target: {fileID: 497646, guid: 437f347d9ebc4b94a86f2d43d5f07d6d, type: 2}
      propertyPath: m_LocalRotation.w
      value: 1
      objectReference: {fileID: 0}
    - target: {fileID: 497646, guid: 437f347d9ebc4b94a86f2d43d5f07d6d, type: 2}
      propertyPath: m_RootOrder
      value: 0
      objectReference: {fileID: 0}
    - target: {fileID: 134090, guid: 437f347d9ebc4b94a86f2d43d5f07d6d, type: 2}
      propertyPath: m_Name
      value: Door (2)
      objectReference: {fileID: 0}
    - target: {fileID: 11441328, guid: 437f347d9ebc4b94a86f2d43d5f07d6d, type: 2}
      propertyPath: newPointX
      value: -6.05748081
      objectReference: {fileID: 0}
    - target: {fileID: 11441328, guid: 437f347d9ebc4b94a86f2d43d5f07d6d, type: 2}
      propertyPath: newPointY
      value: -11.0239697
      objectReference: {fileID: 0}
    - target: {fileID: 11441328, guid: 437f347d9ebc4b94a86f2d43d5f07d6d, type: 2}
      propertyPath: newCameraX
      value: -1.28499699
      objectReference: {fileID: 0}
    - target: {fileID: 11441328, guid: 437f347d9ebc4b94a86f2d43d5f07d6d, type: 2}
      propertyPath: newCameraY
      value: -10.4651604
      objectReference: {fileID: 0}
    - target: {fileID: 11441328, guid: 437f347d9ebc4b94a86f2d43d5f07d6d, type: 2}
      propertyPath: LevelName
      value: Level9
      objectReference: {fileID: 0}
    m_RemovedComponents: []
  m_ParentPrefab: {fileID: 100100000, guid: 437f347d9ebc4b94a86f2d43d5f07d6d, type: 2}
  m_IsPrefabParent: 0
--- !u!1001 &1764905469
Prefab:
  m_ObjectHideFlags: 0
  serializedVersion: 2
  m_Modification:
    m_TransformParent: {fileID: 0}
    m_Modifications:
    - target: {fileID: 22471066, guid: c70357f74dab0a048b01dd9b072dbe47, type: 2}
      propertyPath: m_LocalPosition.x
      value: 0
      objectReference: {fileID: 0}
    - target: {fileID: 22471066, guid: c70357f74dab0a048b01dd9b072dbe47, type: 2}
      propertyPath: m_LocalPosition.y
      value: 0
      objectReference: {fileID: 0}
    - target: {fileID: 22471066, guid: c70357f74dab0a048b01dd9b072dbe47, type: 2}
      propertyPath: m_LocalPosition.z
      value: 0
      objectReference: {fileID: 0}
    - target: {fileID: 22471066, guid: c70357f74dab0a048b01dd9b072dbe47, type: 2}
      propertyPath: m_LocalRotation.x
      value: 0
      objectReference: {fileID: 0}
    - target: {fileID: 22471066, guid: c70357f74dab0a048b01dd9b072dbe47, type: 2}
      propertyPath: m_LocalRotation.y
      value: 0
      objectReference: {fileID: 0}
    - target: {fileID: 22471066, guid: c70357f74dab0a048b01dd9b072dbe47, type: 2}
      propertyPath: m_LocalRotation.z
      value: 0
      objectReference: {fileID: 0}
    - target: {fileID: 22471066, guid: c70357f74dab0a048b01dd9b072dbe47, type: 2}
      propertyPath: m_LocalRotation.w
      value: 1
      objectReference: {fileID: 0}
    - target: {fileID: 22471066, guid: c70357f74dab0a048b01dd9b072dbe47, type: 2}
      propertyPath: m_RootOrder
      value: 4
      objectReference: {fileID: 0}
    - target: {fileID: 22471066, guid: c70357f74dab0a048b01dd9b072dbe47, type: 2}
      propertyPath: m_AnchoredPosition.x
      value: 0
      objectReference: {fileID: 0}
    - target: {fileID: 22471066, guid: c70357f74dab0a048b01dd9b072dbe47, type: 2}
      propertyPath: m_AnchoredPosition.y
      value: 0
      objectReference: {fileID: 0}
    - target: {fileID: 22471066, guid: c70357f74dab0a048b01dd9b072dbe47, type: 2}
      propertyPath: m_SizeDelta.x
      value: 0
      objectReference: {fileID: 0}
    - target: {fileID: 22471066, guid: c70357f74dab0a048b01dd9b072dbe47, type: 2}
      propertyPath: m_SizeDelta.y
      value: 0
      objectReference: {fileID: 0}
    - target: {fileID: 22471066, guid: c70357f74dab0a048b01dd9b072dbe47, type: 2}
      propertyPath: m_AnchorMin.x
      value: 0
      objectReference: {fileID: 0}
    - target: {fileID: 22471066, guid: c70357f74dab0a048b01dd9b072dbe47, type: 2}
      propertyPath: m_AnchorMin.y
      value: 0
      objectReference: {fileID: 0}
    - target: {fileID: 22471066, guid: c70357f74dab0a048b01dd9b072dbe47, type: 2}
      propertyPath: m_AnchorMax.x
      value: 0
      objectReference: {fileID: 0}
    - target: {fileID: 22471066, guid: c70357f74dab0a048b01dd9b072dbe47, type: 2}
      propertyPath: m_AnchorMax.y
      value: 0
      objectReference: {fileID: 0}
    - target: {fileID: 22471066, guid: c70357f74dab0a048b01dd9b072dbe47, type: 2}
      propertyPath: m_Pivot.x
      value: 0
      objectReference: {fileID: 0}
    - target: {fileID: 22471066, guid: c70357f74dab0a048b01dd9b072dbe47, type: 2}
      propertyPath: m_Pivot.y
      value: 0
      objectReference: {fileID: 0}
    - target: {fileID: 22458432, guid: c70357f74dab0a048b01dd9b072dbe47, type: 2}
      propertyPath: m_AnchorMax.x
      value: 0
      objectReference: {fileID: 0}
    - target: {fileID: 22458432, guid: c70357f74dab0a048b01dd9b072dbe47, type: 2}
      propertyPath: m_AnchorMax.y
      value: 0
      objectReference: {fileID: 0}
    - target: {fileID: 22418916, guid: c70357f74dab0a048b01dd9b072dbe47, type: 2}
      propertyPath: m_AnchorMin.x
      value: 0
      objectReference: {fileID: 0}
    - target: {fileID: 22418916, guid: c70357f74dab0a048b01dd9b072dbe47, type: 2}
      propertyPath: m_AnchorMax.x
      value: 0
      objectReference: {fileID: 0}
    - target: {fileID: 22418916, guid: c70357f74dab0a048b01dd9b072dbe47, type: 2}
      propertyPath: m_AnchorMax.y
      value: 0
      objectReference: {fileID: 0}
    - target: {fileID: 22447646, guid: c70357f74dab0a048b01dd9b072dbe47, type: 2}
      propertyPath: m_AnchorMax.x
      value: 0
      objectReference: {fileID: 0}
    - target: {fileID: 22447646, guid: c70357f74dab0a048b01dd9b072dbe47, type: 2}
      propertyPath: m_AnchorMax.y
      value: 0
      objectReference: {fileID: 0}
    - target: {fileID: 22441114, guid: c70357f74dab0a048b01dd9b072dbe47, type: 2}
      propertyPath: m_AnchorMin.x
      value: 0
      objectReference: {fileID: 0}
    - target: {fileID: 22441114, guid: c70357f74dab0a048b01dd9b072dbe47, type: 2}
      propertyPath: m_AnchorMax.x
      value: 0
      objectReference: {fileID: 0}
    - target: {fileID: 22441114, guid: c70357f74dab0a048b01dd9b072dbe47, type: 2}
      propertyPath: m_AnchorMax.y
      value: 0
      objectReference: {fileID: 0}
    - target: {fileID: 22348320, guid: c70357f74dab0a048b01dd9b072dbe47, type: 2}
      propertyPath: m_Camera
      value: 
      objectReference: {fileID: 164286345}
    m_RemovedComponents: []
  m_ParentPrefab: {fileID: 100100000, guid: c70357f74dab0a048b01dd9b072dbe47, type: 2}
  m_IsPrefabParent: 0
--- !u!1001 &1916454593
Prefab:
  m_ObjectHideFlags: 0
  serializedVersion: 2
  m_Modification:
    m_TransformParent: {fileID: 0}
    m_Modifications:
    - target: {fileID: 428020, guid: e695c347d99d79b4d95409e2223011d5, type: 2}
      propertyPath: m_LocalPosition.x
      value: .00999999978
      objectReference: {fileID: 0}
    - target: {fileID: 428020, guid: e695c347d99d79b4d95409e2223011d5, type: 2}
      propertyPath: m_LocalPosition.y
      value: -15.4700003
      objectReference: {fileID: 0}
    - target: {fileID: 428020, guid: e695c347d99d79b4d95409e2223011d5, type: 2}
      propertyPath: m_LocalPosition.z
      value: 0
      objectReference: {fileID: 0}
    - target: {fileID: 428020, guid: e695c347d99d79b4d95409e2223011d5, type: 2}
      propertyPath: m_LocalRotation.x
      value: 0
      objectReference: {fileID: 0}
    - target: {fileID: 428020, guid: e695c347d99d79b4d95409e2223011d5, type: 2}
      propertyPath: m_LocalRotation.y
      value: 0
      objectReference: {fileID: 0}
    - target: {fileID: 428020, guid: e695c347d99d79b4d95409e2223011d5, type: 2}
      propertyPath: m_LocalRotation.z
      value: 0
      objectReference: {fileID: 0}
    - target: {fileID: 428020, guid: e695c347d99d79b4d95409e2223011d5, type: 2}
      propertyPath: m_LocalRotation.w
      value: 1
      objectReference: {fileID: 0}
    - target: {fileID: 428020, guid: e695c347d99d79b4d95409e2223011d5, type: 2}
      propertyPath: m_RootOrder
      value: 0
      objectReference: {fileID: 0}
    - target: {fileID: 428020, guid: e695c347d99d79b4d95409e2223011d5, type: 2}
      propertyPath: m_LocalScale.x
      value: 57.0214081
      objectReference: {fileID: 0}
    m_RemovedComponents: []
  m_ParentPrefab: {fileID: 100100000, guid: e695c347d99d79b4d95409e2223011d5, type: 2}
  m_IsPrefabParent: 0
--- !u!1001 &1920926755
Prefab:
  m_ObjectHideFlags: 0
  serializedVersion: 2
  m_Modification:
    m_TransformParent: {fileID: 0}
    m_Modifications:
    - target: {fileID: 414476, guid: 1e8b5d2ef21192d49a302d9a5a2a35b0, type: 2}
      propertyPath: m_LocalPosition.x
      value: 0
      objectReference: {fileID: 0}
    - target: {fileID: 414476, guid: 1e8b5d2ef21192d49a302d9a5a2a35b0, type: 2}
      propertyPath: m_LocalPosition.y
      value: 0
      objectReference: {fileID: 0}
    - target: {fileID: 414476, guid: 1e8b5d2ef21192d49a302d9a5a2a35b0, type: 2}
      propertyPath: m_LocalPosition.z
      value: 0
      objectReference: {fileID: 0}
    - target: {fileID: 414476, guid: 1e8b5d2ef21192d49a302d9a5a2a35b0, type: 2}
      propertyPath: m_LocalRotation.x
      value: 0
      objectReference: {fileID: 0}
    - target: {fileID: 414476, guid: 1e8b5d2ef21192d49a302d9a5a2a35b0, type: 2}
      propertyPath: m_LocalRotation.y
      value: 0
      objectReference: {fileID: 0}
    - target: {fileID: 414476, guid: 1e8b5d2ef21192d49a302d9a5a2a35b0, type: 2}
      propertyPath: m_LocalRotation.z
      value: 0
      objectReference: {fileID: 0}
    - target: {fileID: 414476, guid: 1e8b5d2ef21192d49a302d9a5a2a35b0, type: 2}
      propertyPath: m_LocalRotation.w
      value: 1
      objectReference: {fileID: 0}
    - target: {fileID: 414476, guid: 1e8b5d2ef21192d49a302d9a5a2a35b0, type: 2}
      propertyPath: m_RootOrder
      value: 0
      objectReference: {fileID: 0}
    m_RemovedComponents: []
  m_ParentPrefab: {fileID: 100100000, guid: 1e8b5d2ef21192d49a302d9a5a2a35b0, type: 2}
  m_IsPrefabParent: 0
--- !u!1001 &1940636181
Prefab:
  m_ObjectHideFlags: 0
  serializedVersion: 2
  m_Modification:
    m_TransformParent: {fileID: 0}
    m_Modifications:
    - target: {fileID: 497646, guid: 437f347d9ebc4b94a86f2d43d5f07d6d, type: 2}
      propertyPath: m_LocalPosition.x
      value: -5.75
      objectReference: {fileID: 0}
    - target: {fileID: 497646, guid: 437f347d9ebc4b94a86f2d43d5f07d6d, type: 2}
      propertyPath: m_LocalPosition.y
      value: -1.64999998
      objectReference: {fileID: 0}
    - target: {fileID: 497646, guid: 437f347d9ebc4b94a86f2d43d5f07d6d, type: 2}
      propertyPath: m_LocalPosition.z
      value: 0
      objectReference: {fileID: 0}
    - target: {fileID: 497646, guid: 437f347d9ebc4b94a86f2d43d5f07d6d, type: 2}
      propertyPath: m_LocalRotation.x
      value: 0
      objectReference: {fileID: 0}
    - target: {fileID: 497646, guid: 437f347d9ebc4b94a86f2d43d5f07d6d, type: 2}
      propertyPath: m_LocalRotation.y
      value: 0
      objectReference: {fileID: 0}
    - target: {fileID: 497646, guid: 437f347d9ebc4b94a86f2d43d5f07d6d, type: 2}
      propertyPath: m_LocalRotation.z
      value: 0
      objectReference: {fileID: 0}
    - target: {fileID: 497646, guid: 437f347d9ebc4b94a86f2d43d5f07d6d, type: 2}
      propertyPath: m_LocalRotation.w
      value: 1
      objectReference: {fileID: 0}
    - target: {fileID: 497646, guid: 437f347d9ebc4b94a86f2d43d5f07d6d, type: 2}
      propertyPath: m_RootOrder
      value: 0
      objectReference: {fileID: 0}
    - target: {fileID: 11441328, guid: 437f347d9ebc4b94a86f2d43d5f07d6d, type: 2}
      propertyPath: newPointX
      value: 11.6844902
      objectReference: {fileID: 0}
    - target: {fileID: 11441328, guid: 437f347d9ebc4b94a86f2d43d5f07d6d, type: 2}
      propertyPath: newPointY
      value: -1.40233195
      objectReference: {fileID: 0}
    - target: {fileID: 11441328, guid: 437f347d9ebc4b94a86f2d43d5f07d6d, type: 2}
      propertyPath: newCameraY
      value: -1.40233099
      objectReference: {fileID: 0}
    - target: {fileID: 11441328, guid: 437f347d9ebc4b94a86f2d43d5f07d6d, type: 2}
      propertyPath: newCameraX
      value: 11.6844902
      objectReference: {fileID: 0}
    - target: {fileID: 11441328, guid: 437f347d9ebc4b94a86f2d43d5f07d6d, type: 2}
      propertyPath: LevelName
      value: level5
      objectReference: {fileID: 0}
    m_RemovedComponents: []
  m_ParentPrefab: {fileID: 100100000, guid: 437f347d9ebc4b94a86f2d43d5f07d6d, type: 2}
  m_IsPrefabParent: 0
--- !u!1 &1956150108
GameObject:
  m_ObjectHideFlags: 0
  m_PrefabParentObject: {fileID: 0}
  m_PrefabInternal: {fileID: 0}
  serializedVersion: 4
  m_Component:
  - 4: {fileID: 1956150110}
  - 212: {fileID: 1956150109}
  m_Layer: 0
  m_Name: Clouds
  m_TagString: Untagged
  m_Icon: {fileID: 0}
  m_NavMeshLayer: 0
  m_StaticEditorFlags: 0
  m_IsActive: 1
--- !u!212 &1956150109
SpriteRenderer:
  m_ObjectHideFlags: 0
  m_PrefabParentObject: {fileID: 0}
  m_PrefabInternal: {fileID: 0}
  m_GameObject: {fileID: 1956150108}
  m_Enabled: 1
  m_CastShadows: 0
  m_ReceiveShadows: 0
  m_Materials:
  - {fileID: 10754, guid: 0000000000000000e000000000000000, type: 0}
  m_SubsetIndices: 
  m_StaticBatchRoot: {fileID: 0}
  m_UseLightProbes: 0
  m_ReflectionProbeUsage: 0
  m_ProbeAnchor: {fileID: 0}
  m_ScaleInLightmap: 1
  m_PreserveUVs: 0
  m_IgnoreNormalsForChartDetection: 0
  m_ImportantGI: 0
  m_MinimumChartSize: 4
  m_AutoUVMaxDistance: .5
  m_AutoUVMaxAngle: 89
  m_LightmapParameters: {fileID: 0}
  m_SortingLayerID: 204921979
  m_SortingOrder: -2
  m_Sprite: {fileID: 21300000, guid: d937dcb0d7962a147988df7fe7e396e1, type: 3}
  m_Color: {r: 1, g: 1, b: 1, a: 1}
--- !u!4 &1956150110
Transform:
  m_ObjectHideFlags: 0
  m_PrefabParentObject: {fileID: 0}
  m_PrefabInternal: {fileID: 0}
  m_GameObject: {fileID: 1956150108}
  m_LocalRotation: {x: 0, y: 0, z: 0, w: 1}
  m_LocalPosition: {x: .209999993, y: 1.67999995, z: 0}
  m_LocalScale: {x: 1, y: 1, z: 1}
  m_Children: []
  m_Father: {fileID: 0}
  m_RootOrder: 34
--- !u!1001 &2001610257
Prefab:
  m_ObjectHideFlags: 0
  serializedVersion: 2
  m_Modification:
    m_TransformParent: {fileID: 0}
    m_Modifications:
    - target: {fileID: 430660, guid: 082576c32cc569b4e9d554db94354c62, type: 2}
      propertyPath: m_LocalPosition.x
      value: -3.76909065
      objectReference: {fileID: 0}
    - target: {fileID: 430660, guid: 082576c32cc569b4e9d554db94354c62, type: 2}
      propertyPath: m_LocalPosition.y
      value: -14.355567
      objectReference: {fileID: 0}
    - target: {fileID: 430660, guid: 082576c32cc569b4e9d554db94354c62, type: 2}
      propertyPath: m_LocalPosition.z
      value: 0
      objectReference: {fileID: 0}
    - target: {fileID: 430660, guid: 082576c32cc569b4e9d554db94354c62, type: 2}
      propertyPath: m_LocalRotation.x
      value: 0
      objectReference: {fileID: 0}
    - target: {fileID: 430660, guid: 082576c32cc569b4e9d554db94354c62, type: 2}
      propertyPath: m_LocalRotation.y
      value: 0
      objectReference: {fileID: 0}
    - target: {fileID: 430660, guid: 082576c32cc569b4e9d554db94354c62, type: 2}
      propertyPath: m_LocalRotation.z
      value: 0
      objectReference: {fileID: 0}
    - target: {fileID: 430660, guid: 082576c32cc569b4e9d554db94354c62, type: 2}
      propertyPath: m_LocalRotation.w
      value: 1
      objectReference: {fileID: 0}
    - target: {fileID: 430660, guid: 082576c32cc569b4e9d554db94354c62, type: 2}
      propertyPath: m_RootOrder
      value: 0
      objectReference: {fileID: 0}
    - target: {fileID: 146760, guid: 082576c32cc569b4e9d554db94354c62, type: 2}
      propertyPath: m_Name
      value: Pot (3)
      objectReference: {fileID: 0}
    - target: {fileID: 11454702, guid: 082576c32cc569b4e9d554db94354c62, type: 2}
      propertyPath: Drops.Array.data[0]
      value: 
      objectReference: {fileID: 102096, guid: c83eea75ab702c14bb789adcb86cced4, type: 2}
    m_RemovedComponents: []
  m_ParentPrefab: {fileID: 100100000, guid: 082576c32cc569b4e9d554db94354c62, type: 2}
  m_IsPrefabParent: 0
--- !u!1001 &2030729972
Prefab:
  m_ObjectHideFlags: 0
  serializedVersion: 2
  m_Modification:
    m_TransformParent: {fileID: 0}
    m_Modifications:
    - target: {fileID: 483284, guid: 6bbb2f2a4145c4f4ea4b7182dc77d411, type: 2}
      propertyPath: m_LocalPosition.x
      value: -3.17658758
      objectReference: {fileID: 0}
    - target: {fileID: 483284, guid: 6bbb2f2a4145c4f4ea4b7182dc77d411, type: 2}
      propertyPath: m_LocalPosition.y
      value: -2.65517378
      objectReference: {fileID: 0}
    - target: {fileID: 483284, guid: 6bbb2f2a4145c4f4ea4b7182dc77d411, type: 2}
      propertyPath: m_LocalPosition.z
      value: 0
      objectReference: {fileID: 0}
    - target: {fileID: 483284, guid: 6bbb2f2a4145c4f4ea4b7182dc77d411, type: 2}
      propertyPath: m_LocalRotation.x
      value: 0
      objectReference: {fileID: 0}
    - target: {fileID: 483284, guid: 6bbb2f2a4145c4f4ea4b7182dc77d411, type: 2}
      propertyPath: m_LocalRotation.y
      value: 0
      objectReference: {fileID: 0}
    - target: {fileID: 483284, guid: 6bbb2f2a4145c4f4ea4b7182dc77d411, type: 2}
      propertyPath: m_LocalRotation.z
      value: 0
      objectReference: {fileID: 0}
    - target: {fileID: 483284, guid: 6bbb2f2a4145c4f4ea4b7182dc77d411, type: 2}
      propertyPath: m_LocalRotation.w
      value: 1
      objectReference: {fileID: 0}
    - target: {fileID: 483284, guid: 6bbb2f2a4145c4f4ea4b7182dc77d411, type: 2}
      propertyPath: m_RootOrder
      value: 0
      objectReference: {fileID: 0}
    - target: {fileID: 175316, guid: 6bbb2f2a4145c4f4ea4b7182dc77d411, type: 2}
      propertyPath: m_Name
      value: SaveBlock (1)
      objectReference: {fileID: 0}
    - target: {fileID: 11425622, guid: 6bbb2f2a4145c4f4ea4b7182dc77d411, type: 2}
      propertyPath: LevelName
      value: Level8
      objectReference: {fileID: 0}
    m_RemovedComponents: []
  m_ParentPrefab: {fileID: 100100000, guid: 6bbb2f2a4145c4f4ea4b7182dc77d411, type: 2}
  m_IsPrefabParent: 0
--- !u!1001 &2085016916
Prefab:
  m_ObjectHideFlags: 0
  serializedVersion: 2
  m_Modification:
    m_TransformParent: {fileID: 0}
    m_Modifications:
    - target: {fileID: 419296, guid: 34818ff241b7b8c47b529edb148b494c, type: 2}
      propertyPath: m_LocalPosition.x
      value: .0599999987
      objectReference: {fileID: 0}
    - target: {fileID: 419296, guid: 34818ff241b7b8c47b529edb148b494c, type: 2}
      propertyPath: m_LocalPosition.y
      value: -15.04
      objectReference: {fileID: 0}
    - target: {fileID: 419296, guid: 34818ff241b7b8c47b529edb148b494c, type: 2}
      propertyPath: m_LocalPosition.z
      value: 0
      objectReference: {fileID: 0}
    - target: {fileID: 419296, guid: 34818ff241b7b8c47b529edb148b494c, type: 2}
      propertyPath: m_LocalRotation.x
      value: 0
      objectReference: {fileID: 0}
    - target: {fileID: 419296, guid: 34818ff241b7b8c47b529edb148b494c, type: 2}
      propertyPath: m_LocalRotation.y
      value: 0
      objectReference: {fileID: 0}
    - target: {fileID: 419296, guid: 34818ff241b7b8c47b529edb148b494c, type: 2}
      propertyPath: m_LocalRotation.z
      value: 0
      objectReference: {fileID: 0}
    - target: {fileID: 419296, guid: 34818ff241b7b8c47b529edb148b494c, type: 2}
      propertyPath: m_LocalRotation.w
      value: 1
      objectReference: {fileID: 0}
    - target: {fileID: 419296, guid: 34818ff241b7b8c47b529edb148b494c, type: 2}
      propertyPath: m_RootOrder
      value: 0
      objectReference: {fileID: 0}
    - target: {fileID: 184094, guid: 34818ff241b7b8c47b529edb148b494c, type: 2}
      propertyPath: m_Name
      value: Block (2)
      objectReference: {fileID: 0}
    - target: {fileID: 21298928, guid: 34818ff241b7b8c47b529edb148b494c, type: 2}
      propertyPath: m_Color.g
      value: 1
      objectReference: {fileID: 0}
    - target: {fileID: 21298928, guid: 34818ff241b7b8c47b529edb148b494c, type: 2}
      propertyPath: m_Color.b
      value: 1
      objectReference: {fileID: 0}
    - target: {fileID: 21298928, guid: 34818ff241b7b8c47b529edb148b494c, type: 2}
      propertyPath: m_Enabled
      value: 1
      objectReference: {fileID: 0}
    - target: {fileID: 419296, guid: 34818ff241b7b8c47b529edb148b494c, type: 2}
      propertyPath: m_LocalScale.x
      value: 28.6285305
      objectReference: {fileID: 0}
    m_RemovedComponents: []
  m_ParentPrefab: {fileID: 100100000, guid: 34818ff241b7b8c47b529edb148b494c, type: 2}
  m_IsPrefabParent: 0
--- !u!1001 &2133719575
Prefab:
  m_ObjectHideFlags: 0
  serializedVersion: 2
  m_Modification:
    m_TransformParent: {fileID: 0}
    m_Modifications:
    - target: {fileID: 430532, guid: bd229eff773e84d4d9f7a3773524968e, type: 2}
      propertyPath: m_LocalPosition.x
      value: 3.51891637
      objectReference: {fileID: 0}
    - target: {fileID: 430532, guid: bd229eff773e84d4d9f7a3773524968e, type: 2}
      propertyPath: m_LocalPosition.y
      value: 3.46811438
      objectReference: {fileID: 0}
    - target: {fileID: 430532, guid: bd229eff773e84d4d9f7a3773524968e, type: 2}
      propertyPath: m_LocalPosition.z
      value: 0
      objectReference: {fileID: 0}
    - target: {fileID: 430532, guid: bd229eff773e84d4d9f7a3773524968e, type: 2}
      propertyPath: m_LocalRotation.x
      value: 0
      objectReference: {fileID: 0}
    - target: {fileID: 430532, guid: bd229eff773e84d4d9f7a3773524968e, type: 2}
      propertyPath: m_LocalRotation.y
      value: 0
      objectReference: {fileID: 0}
    - target: {fileID: 430532, guid: bd229eff773e84d4d9f7a3773524968e, type: 2}
      propertyPath: m_LocalRotation.z
      value: 0
      objectReference: {fileID: 0}
    - target: {fileID: 430532, guid: bd229eff773e84d4d9f7a3773524968e, type: 2}
      propertyPath: m_LocalRotation.w
      value: 1
      objectReference: {fileID: 0}
    - target: {fileID: 430532, guid: bd229eff773e84d4d9f7a3773524968e, type: 2}
      propertyPath: m_RootOrder
      value: 0
      objectReference: {fileID: 0}
    - target: {fileID: 11477422, guid: bd229eff773e84d4d9f7a3773524968e, type: 2}
      propertyPath: index
      value: 14
      objectReference: {fileID: 0}
    - target: {fileID: 11477422, guid: bd229eff773e84d4d9f7a3773524968e, type: 2}
      propertyPath: attackUp
      value: 2
      objectReference: {fileID: 0}
    m_RemovedComponents: []
  m_ParentPrefab: {fileID: 100100000, guid: bd229eff773e84d4d9f7a3773524968e, type: 2}
  m_IsPrefabParent: 0
