%YAML 1.1
%TAG !u! tag:unity3d.com,2011:
--- !u!29 &1
SceneSettings:
  m_ObjectHideFlags: 0
  m_PVSData: 
  m_PVSObjectsArray: []
  m_PVSPortalsArray: []
  m_OcclusionBakeSettings:
    smallestOccluder: 5
    smallestHole: .25
    backfaceThreshold: 100
--- !u!104 &2
RenderSettings:
  m_ObjectHideFlags: 0
  serializedVersion: 6
  m_Fog: 0
  m_FogColor: {r: .5, g: .5, b: .5, a: 1}
  m_FogMode: 3
  m_FogDensity: .00999999978
  m_LinearFogStart: 0
  m_LinearFogEnd: 300
  m_AmbientSkyColor: {r: .211999997, g: .226999998, b: .259000003, a: 1}
  m_AmbientEquatorColor: {r: .114, g: .125, b: .133000001, a: 1}
  m_AmbientGroundColor: {r: .0469999984, g: .0430000015, b: .0350000001, a: 1}
  m_AmbientIntensity: 1
  m_AmbientMode: 3
  m_SkyboxMaterial: {fileID: 0}
  m_HaloStrength: .5
  m_FlareStrength: 1
  m_FlareFadeSpeed: 3
  m_HaloTexture: {fileID: 0}
  m_SpotCookie: {fileID: 10001, guid: 0000000000000000e000000000000000, type: 0}
  m_DefaultReflectionMode: 0
  m_DefaultReflectionResolution: 128
  m_ReflectionBounces: 1
  m_ReflectionIntensity: 1
  m_CustomReflection: {fileID: 0}
  m_Sun: {fileID: 0}
--- !u!157 &3
LightmapSettings:
  m_ObjectHideFlags: 0
  serializedVersion: 5
  m_GIWorkflowMode: 1
  m_LightmapsMode: 1
  m_GISettings:
    serializedVersion: 2
    m_BounceScale: 1
    m_IndirectOutputScale: 1
    m_AlbedoBoost: 1
    m_TemporalCoherenceThreshold: 1
    m_EnvironmentLightingMode: 0
    m_EnableBakedLightmaps: 0
    m_EnableRealtimeLightmaps: 0
  m_LightmapEditorSettings:
    serializedVersion: 3
    m_Resolution: 2
    m_BakeResolution: 40
    m_TextureWidth: 1024
    m_TextureHeight: 1024
    m_AOMaxDistance: 1
    m_Padding: 2
    m_CompAOExponent: 0
    m_LightmapParameters: {fileID: 0}
    m_TextureCompression: 1
    m_FinalGather: 0
    m_FinalGatherRayCount: 1024
    m_ReflectionCompression: 2
  m_LightmapSnapshot: {fileID: 0}
  m_RuntimeCPUUsage: 25
--- !u!196 &4
NavMeshSettings:
  serializedVersion: 2
  m_ObjectHideFlags: 0
  m_BuildSettings:
    serializedVersion: 2
    agentRadius: .5
    agentHeight: 2
    agentSlope: 45
    agentClimb: .400000006
    ledgeDropHeight: 0
    maxJumpAcrossDistance: 0
    accuratePlacement: 0
    minRegionArea: 2
    cellSize: .166666672
    manualCellSize: 0
  m_NavMeshData: {fileID: 0}
--- !u!1001 &57494997
Prefab:
  m_ObjectHideFlags: 0
  serializedVersion: 2
  m_Modification:
    m_TransformParent: {fileID: 0}
    m_Modifications:
    - target: {fileID: 449304, guid: 2ac767770003455479589e92b1b60750, type: 2}
      propertyPath: m_LocalPosition.x
      value: 0
      objectReference: {fileID: 0}
    - target: {fileID: 449304, guid: 2ac767770003455479589e92b1b60750, type: 2}
      propertyPath: m_LocalPosition.y
      value: 0
      objectReference: {fileID: 0}
    - target: {fileID: 449304, guid: 2ac767770003455479589e92b1b60750, type: 2}
      propertyPath: m_LocalPosition.z
      value: 0
      objectReference: {fileID: 0}
    - target: {fileID: 449304, guid: 2ac767770003455479589e92b1b60750, type: 2}
      propertyPath: m_LocalRotation.x
      value: 0
      objectReference: {fileID: 0}
    - target: {fileID: 449304, guid: 2ac767770003455479589e92b1b60750, type: 2}
      propertyPath: m_LocalRotation.y
      value: 0
      objectReference: {fileID: 0}
    - target: {fileID: 449304, guid: 2ac767770003455479589e92b1b60750, type: 2}
      propertyPath: m_LocalRotation.z
      value: 0
      objectReference: {fileID: 0}
    - target: {fileID: 449304, guid: 2ac767770003455479589e92b1b60750, type: 2}
      propertyPath: m_LocalRotation.w
      value: 1
      objectReference: {fileID: 0}
    - target: {fileID: 449304, guid: 2ac767770003455479589e92b1b60750, type: 2}
      propertyPath: m_RootOrder
      value: 2
      objectReference: {fileID: 0}
    m_RemovedComponents: []
  m_ParentPrefab: {fileID: 100100000, guid: 2ac767770003455479589e92b1b60750, type: 2}
  m_IsPrefabParent: 0
--- !u!1001 &200389508
Prefab:
  m_ObjectHideFlags: 0
  serializedVersion: 2
  m_Modification:
    m_TransformParent: {fileID: 0}
    m_Modifications:
    - target: {fileID: 428020, guid: e695c347d99d79b4d95409e2223011d5, type: 2}
      propertyPath: m_LocalPosition.x
      value: -7.92000008
      objectReference: {fileID: 0}
    - target: {fileID: 428020, guid: e695c347d99d79b4d95409e2223011d5, type: 2}
      propertyPath: m_LocalPosition.y
      value: -1.07000005
      objectReference: {fileID: 0}
    - target: {fileID: 428020, guid: e695c347d99d79b4d95409e2223011d5, type: 2}
      propertyPath: m_LocalPosition.z
      value: 0
      objectReference: {fileID: 0}
    - target: {fileID: 428020, guid: e695c347d99d79b4d95409e2223011d5, type: 2}
      propertyPath: m_LocalRotation.x
      value: 0
      objectReference: {fileID: 0}
    - target: {fileID: 428020, guid: e695c347d99d79b4d95409e2223011d5, type: 2}
      propertyPath: m_LocalRotation.y
      value: 0
      objectReference: {fileID: 0}
    - target: {fileID: 428020, guid: e695c347d99d79b4d95409e2223011d5, type: 2}
      propertyPath: m_LocalRotation.z
      value: -.707106829
      objectReference: {fileID: 0}
    - target: {fileID: 428020, guid: e695c347d99d79b4d95409e2223011d5, type: 2}
      propertyPath: m_LocalRotation.w
      value: .707106709
      objectReference: {fileID: 0}
    - target: {fileID: 428020, guid: e695c347d99d79b4d95409e2223011d5, type: 2}
      propertyPath: m_RootOrder
      value: 0
      objectReference: {fileID: 0}
    - target: {fileID: 145170, guid: e695c347d99d79b4d95409e2223011d5, type: 2}
      propertyPath: m_Name
      value: CamraBlock (3)
      objectReference: {fileID: 0}
    - target: {fileID: 428020, guid: e695c347d99d79b4d95409e2223011d5, type: 2}
      propertyPath: m_LocalScale.x
      value: 37.6511574
      objectReference: {fileID: 0}
    - target: {fileID: 428020, guid: e695c347d99d79b4d95409e2223011d5, type: 2}
      propertyPath: m_LocalScale.y
      value: 2.00000453
      objectReference: {fileID: 0}
    m_RemovedComponents: []
  m_ParentPrefab: {fileID: 100100000, guid: e695c347d99d79b4d95409e2223011d5, type: 2}
  m_IsPrefabParent: 0
--- !u!1001 &202569334
Prefab:
  m_ObjectHideFlags: 0
  serializedVersion: 2
  m_Modification:
    m_TransformParent: {fileID: 0}
    m_Modifications:
    - target: {fileID: 22434610, guid: 70d4b37c783e19c45b7d2aeaef7ce39a, type: 2}
      propertyPath: m_LocalPosition.x
      value: 0
      objectReference: {fileID: 0}
    - target: {fileID: 22434610, guid: 70d4b37c783e19c45b7d2aeaef7ce39a, type: 2}
      propertyPath: m_LocalPosition.y
      value: 0
      objectReference: {fileID: 0}
    - target: {fileID: 22434610, guid: 70d4b37c783e19c45b7d2aeaef7ce39a, type: 2}
      propertyPath: m_LocalPosition.z
      value: 0
      objectReference: {fileID: 0}
    - target: {fileID: 22434610, guid: 70d4b37c783e19c45b7d2aeaef7ce39a, type: 2}
      propertyPath: m_LocalRotation.x
      value: 0
      objectReference: {fileID: 0}
    - target: {fileID: 22434610, guid: 70d4b37c783e19c45b7d2aeaef7ce39a, type: 2}
      propertyPath: m_LocalRotation.y
      value: 0
      objectReference: {fileID: 0}
    - target: {fileID: 22434610, guid: 70d4b37c783e19c45b7d2aeaef7ce39a, type: 2}
      propertyPath: m_LocalRotation.z
      value: 0
      objectReference: {fileID: 0}
    - target: {fileID: 22434610, guid: 70d4b37c783e19c45b7d2aeaef7ce39a, type: 2}
      propertyPath: m_LocalRotation.w
      value: 1
      objectReference: {fileID: 0}
    - target: {fileID: 22434610, guid: 70d4b37c783e19c45b7d2aeaef7ce39a, type: 2}
      propertyPath: m_RootOrder
      value: 7
      objectReference: {fileID: 0}
    - target: {fileID: 22434610, guid: 70d4b37c783e19c45b7d2aeaef7ce39a, type: 2}
      propertyPath: m_AnchoredPosition.x
      value: 0
      objectReference: {fileID: 0}
    - target: {fileID: 22434610, guid: 70d4b37c783e19c45b7d2aeaef7ce39a, type: 2}
      propertyPath: m_AnchoredPosition.y
      value: 0
      objectReference: {fileID: 0}
    - target: {fileID: 22434610, guid: 70d4b37c783e19c45b7d2aeaef7ce39a, type: 2}
      propertyPath: m_SizeDelta.x
      value: 0
      objectReference: {fileID: 0}
    - target: {fileID: 22434610, guid: 70d4b37c783e19c45b7d2aeaef7ce39a, type: 2}
      propertyPath: m_SizeDelta.y
      value: 0
      objectReference: {fileID: 0}
    - target: {fileID: 22434610, guid: 70d4b37c783e19c45b7d2aeaef7ce39a, type: 2}
      propertyPath: m_AnchorMin.x
      value: 0
      objectReference: {fileID: 0}
    - target: {fileID: 22434610, guid: 70d4b37c783e19c45b7d2aeaef7ce39a, type: 2}
      propertyPath: m_AnchorMin.y
      value: 0
      objectReference: {fileID: 0}
    - target: {fileID: 22434610, guid: 70d4b37c783e19c45b7d2aeaef7ce39a, type: 2}
      propertyPath: m_AnchorMax.x
      value: 0
      objectReference: {fileID: 0}
    - target: {fileID: 22434610, guid: 70d4b37c783e19c45b7d2aeaef7ce39a, type: 2}
      propertyPath: m_AnchorMax.y
      value: 0
      objectReference: {fileID: 0}
    - target: {fileID: 22434610, guid: 70d4b37c783e19c45b7d2aeaef7ce39a, type: 2}
      propertyPath: m_Pivot.x
      value: 0
      objectReference: {fileID: 0}
    - target: {fileID: 22434610, guid: 70d4b37c783e19c45b7d2aeaef7ce39a, type: 2}
      propertyPath: m_Pivot.y
      value: 0
      objectReference: {fileID: 0}
    - target: {fileID: 22344944, guid: 70d4b37c783e19c45b7d2aeaef7ce39a, type: 2}
      propertyPath: m_Camera
      value: 
      objectReference: {fileID: 784942251}
    m_RemovedComponents: []
  m_ParentPrefab: {fileID: 100100000, guid: 70d4b37c783e19c45b7d2aeaef7ce39a, type: 2}
  m_IsPrefabParent: 0
--- !u!1001 &203466875
Prefab:
  m_ObjectHideFlags: 0
  serializedVersion: 2
  m_Modification:
    m_TransformParent: {fileID: 0}
    m_Modifications:
    - target: {fileID: 428020, guid: e695c347d99d79b4d95409e2223011d5, type: 2}
      propertyPath: m_LocalPosition.x
      value: 5.48000002
      objectReference: {fileID: 0}
    - target: {fileID: 428020, guid: e695c347d99d79b4d95409e2223011d5, type: 2}
      propertyPath: m_LocalPosition.y
      value: -1.02999997
      objectReference: {fileID: 0}
    - target: {fileID: 428020, guid: e695c347d99d79b4d95409e2223011d5, type: 2}
      propertyPath: m_LocalPosition.z
      value: 0
      objectReference: {fileID: 0}
    - target: {fileID: 428020, guid: e695c347d99d79b4d95409e2223011d5, type: 2}
      propertyPath: m_LocalRotation.x
      value: 0
      objectReference: {fileID: 0}
    - target: {fileID: 428020, guid: e695c347d99d79b4d95409e2223011d5, type: 2}
      propertyPath: m_LocalRotation.y
      value: 0
      objectReference: {fileID: 0}
    - target: {fileID: 428020, guid: e695c347d99d79b4d95409e2223011d5, type: 2}
      propertyPath: m_LocalRotation.z
      value: .707106829
      objectReference: {fileID: 0}
    - target: {fileID: 428020, guid: e695c347d99d79b4d95409e2223011d5, type: 2}
      propertyPath: m_LocalRotation.w
      value: .707106709
      objectReference: {fileID: 0}
    - target: {fileID: 428020, guid: e695c347d99d79b4d95409e2223011d5, type: 2}
      propertyPath: m_RootOrder
      value: 0
      objectReference: {fileID: 0}
    - target: {fileID: 145170, guid: e695c347d99d79b4d95409e2223011d5, type: 2}
      propertyPath: m_Name
      value: CamraBlock (1)
      objectReference: {fileID: 0}
    - target: {fileID: 428020, guid: e695c347d99d79b4d95409e2223011d5, type: 2}
      propertyPath: m_LocalScale.x
      value: 37.7665329
      objectReference: {fileID: 0}
    - target: {fileID: 428020, guid: e695c347d99d79b4d95409e2223011d5, type: 2}
      propertyPath: m_LocalScale.y
      value: 2.00000405
      objectReference: {fileID: 0}
    m_RemovedComponents: []
  m_ParentPrefab: {fileID: 100100000, guid: e695c347d99d79b4d95409e2223011d5, type: 2}
  m_IsPrefabParent: 0
--- !u!1001 &222229271
Prefab:
  m_ObjectHideFlags: 0
  serializedVersion: 2
  m_Modification:
    m_TransformParent: {fileID: 0}
    m_Modifications:
    - target: {fileID: 419296, guid: 34818ff241b7b8c47b529edb148b494c, type: 2}
      propertyPath: m_LocalPosition.x
      value: -1.16999996
      objectReference: {fileID: 0}
    - target: {fileID: 419296, guid: 34818ff241b7b8c47b529edb148b494c, type: 2}
      propertyPath: m_LocalPosition.y
      value: 3.18000007
      objectReference: {fileID: 0}
    - target: {fileID: 419296, guid: 34818ff241b7b8c47b529edb148b494c, type: 2}
      propertyPath: m_LocalPosition.z
      value: 0
      objectReference: {fileID: 0}
    - target: {fileID: 419296, guid: 34818ff241b7b8c47b529edb148b494c, type: 2}
      propertyPath: m_LocalRotation.x
      value: 0
      objectReference: {fileID: 0}
    - target: {fileID: 419296, guid: 34818ff241b7b8c47b529edb148b494c, type: 2}
      propertyPath: m_LocalRotation.y
      value: 0
      objectReference: {fileID: 0}
    - target: {fileID: 419296, guid: 34818ff241b7b8c47b529edb148b494c, type: 2}
      propertyPath: m_LocalRotation.z
      value: 0
      objectReference: {fileID: 0}
    - target: {fileID: 419296, guid: 34818ff241b7b8c47b529edb148b494c, type: 2}
      propertyPath: m_LocalRotation.w
      value: 1
      objectReference: {fileID: 0}
    - target: {fileID: 419296, guid: 34818ff241b7b8c47b529edb148b494c, type: 2}
      propertyPath: m_RootOrder
      value: 0
      objectReference: {fileID: 0}
    - target: {fileID: 184094, guid: 34818ff241b7b8c47b529edb148b494c, type: 2}
      propertyPath: m_Name
      value: Block (2)
      objectReference: {fileID: 0}
    - target: {fileID: 419296, guid: 34818ff241b7b8c47b529edb148b494c, type: 2}
      propertyPath: m_LocalScale.x
      value: 27.0461063
      objectReference: {fileID: 0}
    m_RemovedComponents: []
  m_ParentPrefab: {fileID: 100100000, guid: 34818ff241b7b8c47b529edb148b494c, type: 2}
  m_IsPrefabParent: 0
--- !u!1001 &268020180
Prefab:
  m_ObjectHideFlags: 0
  serializedVersion: 2
  m_Modification:
    m_TransformParent: {fileID: 0}
    m_Modifications:
    - target: {fileID: 414476, guid: 1e8b5d2ef21192d49a302d9a5a2a35b0, type: 2}
      propertyPath: m_LocalPosition.x
      value: 0
      objectReference: {fileID: 0}
    - target: {fileID: 414476, guid: 1e8b5d2ef21192d49a302d9a5a2a35b0, type: 2}
      propertyPath: m_LocalPosition.y
      value: 0
      objectReference: {fileID: 0}
    - target: {fileID: 414476, guid: 1e8b5d2ef21192d49a302d9a5a2a35b0, type: 2}
      propertyPath: m_LocalPosition.z
      value: 0
      objectReference: {fileID: 0}
    - target: {fileID: 414476, guid: 1e8b5d2ef21192d49a302d9a5a2a35b0, type: 2}
      propertyPath: m_LocalRotation.x
      value: 0
      objectReference: {fileID: 0}
    - target: {fileID: 414476, guid: 1e8b5d2ef21192d49a302d9a5a2a35b0, type: 2}
      propertyPath: m_LocalRotation.y
      value: 0
      objectReference: {fileID: 0}
    - target: {fileID: 414476, guid: 1e8b5d2ef21192d49a302d9a5a2a35b0, type: 2}
      propertyPath: m_LocalRotation.z
      value: 0
      objectReference: {fileID: 0}
    - target: {fileID: 414476, guid: 1e8b5d2ef21192d49a302d9a5a2a35b0, type: 2}
      propertyPath: m_LocalRotation.w
      value: 1
      objectReference: {fileID: 0}
    - target: {fileID: 414476, guid: 1e8b5d2ef21192d49a302d9a5a2a35b0, type: 2}
      propertyPath: m_RootOrder
      value: 0
      objectReference: {fileID: 0}
    m_RemovedComponents: []
  m_ParentPrefab: {fileID: 100100000, guid: 1e8b5d2ef21192d49a302d9a5a2a35b0, type: 2}
  m_IsPrefabParent: 0
--- !u!1001 &292735780
Prefab:
  m_ObjectHideFlags: 0
  serializedVersion: 2
  m_Modification:
    m_TransformParent: {fileID: 0}
    m_Modifications:
    - target: {fileID: 419296, guid: 34818ff241b7b8c47b529edb148b494c, type: 2}
      propertyPath: m_LocalPosition.x
      value: -1.21000004
      objectReference: {fileID: 0}
    - target: {fileID: 419296, guid: 34818ff241b7b8c47b529edb148b494c, type: 2}
      propertyPath: m_LocalPosition.y
      value: -5.32000017
      objectReference: {fileID: 0}
    - target: {fileID: 419296, guid: 34818ff241b7b8c47b529edb148b494c, type: 2}
      propertyPath: m_LocalPosition.z
      value: 0
      objectReference: {fileID: 0}
    - target: {fileID: 419296, guid: 34818ff241b7b8c47b529edb148b494c, type: 2}
      propertyPath: m_LocalRotation.x
      value: 0
      objectReference: {fileID: 0}
    - target: {fileID: 419296, guid: 34818ff241b7b8c47b529edb148b494c, type: 2}
      propertyPath: m_LocalRotation.y
      value: 0
      objectReference: {fileID: 0}
    - target: {fileID: 419296, guid: 34818ff241b7b8c47b529edb148b494c, type: 2}
      propertyPath: m_LocalRotation.z
      value: 0
      objectReference: {fileID: 0}
    - target: {fileID: 419296, guid: 34818ff241b7b8c47b529edb148b494c, type: 2}
      propertyPath: m_LocalRotation.w
      value: 1
      objectReference: {fileID: 0}
    - target: {fileID: 419296, guid: 34818ff241b7b8c47b529edb148b494c, type: 2}
      propertyPath: m_RootOrder
      value: 0
      objectReference: {fileID: 0}
    - target: {fileID: 21298928, guid: 34818ff241b7b8c47b529edb148b494c, type: 2}
      propertyPath: m_Color.g
      value: 1
      objectReference: {fileID: 0}
    - target: {fileID: 21298928, guid: 34818ff241b7b8c47b529edb148b494c, type: 2}
      propertyPath: m_Color.b
      value: 1
      objectReference: {fileID: 0}
    - target: {fileID: 21298928, guid: 34818ff241b7b8c47b529edb148b494c, type: 2}
      propertyPath: m_Enabled
      value: 0
      objectReference: {fileID: 0}
    - target: {fileID: 419296, guid: 34818ff241b7b8c47b529edb148b494c, type: 2}
      propertyPath: m_LocalScale.x
      value: 26.959589
      objectReference: {fileID: 0}
    m_RemovedComponents: []
  m_ParentPrefab: {fileID: 100100000, guid: 34818ff241b7b8c47b529edb148b494c, type: 2}
  m_IsPrefabParent: 0
--- !u!1001 &377750912
Prefab:
  m_ObjectHideFlags: 0
  serializedVersion: 2
  m_Modification:
    m_TransformParent: {fileID: 0}
    m_Modifications:
    - target: {fileID: 416038, guid: f906c5e99feb5234fbb9b99603692abd, type: 2}
      propertyPath: m_LocalPosition.x
      value: -1.35890484
      objectReference: {fileID: 0}
    - target: {fileID: 416038, guid: f906c5e99feb5234fbb9b99603692abd, type: 2}
      propertyPath: m_LocalPosition.y
      value: -.922114193
      objectReference: {fileID: 0}
    - target: {fileID: 416038, guid: f906c5e99feb5234fbb9b99603692abd, type: 2}
      propertyPath: m_LocalPosition.z
      value: 0
      objectReference: {fileID: 0}
    - target: {fileID: 416038, guid: f906c5e99feb5234fbb9b99603692abd, type: 2}
      propertyPath: m_LocalRotation.x
      value: 0
      objectReference: {fileID: 0}
    - target: {fileID: 416038, guid: f906c5e99feb5234fbb9b99603692abd, type: 2}
      propertyPath: m_LocalRotation.y
      value: 0
      objectReference: {fileID: 0}
    - target: {fileID: 416038, guid: f906c5e99feb5234fbb9b99603692abd, type: 2}
      propertyPath: m_LocalRotation.z
      value: 0
      objectReference: {fileID: 0}
    - target: {fileID: 416038, guid: f906c5e99feb5234fbb9b99603692abd, type: 2}
      propertyPath: m_LocalRotation.w
      value: 1
      objectReference: {fileID: 0}
    - target: {fileID: 416038, guid: f906c5e99feb5234fbb9b99603692abd, type: 2}
      propertyPath: m_RootOrder
      value: 0
      objectReference: {fileID: 0}
    m_RemovedComponents: []
  m_ParentPrefab: {fileID: 100100000, guid: f906c5e99feb5234fbb9b99603692abd, type: 2}
  m_IsPrefabParent: 0
--- !u!1001 &465778453
Prefab:
  m_ObjectHideFlags: 0
  serializedVersion: 2
  m_Modification:
    m_TransformParent: {fileID: 0}
    m_Modifications:
    - target: {fileID: 22471066, guid: c70357f74dab0a048b01dd9b072dbe47, type: 2}
      propertyPath: m_LocalPosition.x
      value: 0
      objectReference: {fileID: 0}
    - target: {fileID: 22471066, guid: c70357f74dab0a048b01dd9b072dbe47, type: 2}
      propertyPath: m_LocalPosition.y
      value: 0
      objectReference: {fileID: 0}
    - target: {fileID: 22471066, guid: c70357f74dab0a048b01dd9b072dbe47, type: 2}
      propertyPath: m_LocalPosition.z
      value: 0
      objectReference: {fileID: 0}
    - target: {fileID: 22471066, guid: c70357f74dab0a048b01dd9b072dbe47, type: 2}
      propertyPath: m_LocalRotation.x
      value: 0
      objectReference: {fileID: 0}
    - target: {fileID: 22471066, guid: c70357f74dab0a048b01dd9b072dbe47, type: 2}
      propertyPath: m_LocalRotation.y
      value: 0
      objectReference: {fileID: 0}
    - target: {fileID: 22471066, guid: c70357f74dab0a048b01dd9b072dbe47, type: 2}
      propertyPath: m_LocalRotation.z
      value: 0
      objectReference: {fileID: 0}
    - target: {fileID: 22471066, guid: c70357f74dab0a048b01dd9b072dbe47, type: 2}
      propertyPath: m_LocalRotation.w
      value: 1
      objectReference: {fileID: 0}
    - target: {fileID: 22471066, guid: c70357f74dab0a048b01dd9b072dbe47, type: 2}
      propertyPath: m_RootOrder
      value: 4
      objectReference: {fileID: 0}
    - target: {fileID: 22471066, guid: c70357f74dab0a048b01dd9b072dbe47, type: 2}
      propertyPath: m_AnchoredPosition.x
      value: 0
      objectReference: {fileID: 0}
    - target: {fileID: 22471066, guid: c70357f74dab0a048b01dd9b072dbe47, type: 2}
      propertyPath: m_AnchoredPosition.y
      value: 0
      objectReference: {fileID: 0}
    - target: {fileID: 22471066, guid: c70357f74dab0a048b01dd9b072dbe47, type: 2}
      propertyPath: m_SizeDelta.x
      value: 0
      objectReference: {fileID: 0}
    - target: {fileID: 22471066, guid: c70357f74dab0a048b01dd9b072dbe47, type: 2}
      propertyPath: m_SizeDelta.y
      value: 0
      objectReference: {fileID: 0}
    - target: {fileID: 22471066, guid: c70357f74dab0a048b01dd9b072dbe47, type: 2}
      propertyPath: m_AnchorMin.x
      value: 0
      objectReference: {fileID: 0}
    - target: {fileID: 22471066, guid: c70357f74dab0a048b01dd9b072dbe47, type: 2}
      propertyPath: m_AnchorMin.y
      value: 0
      objectReference: {fileID: 0}
    - target: {fileID: 22471066, guid: c70357f74dab0a048b01dd9b072dbe47, type: 2}
      propertyPath: m_AnchorMax.x
      value: 0
      objectReference: {fileID: 0}
    - target: {fileID: 22471066, guid: c70357f74dab0a048b01dd9b072dbe47, type: 2}
      propertyPath: m_AnchorMax.y
      value: 0
      objectReference: {fileID: 0}
    - target: {fileID: 22471066, guid: c70357f74dab0a048b01dd9b072dbe47, type: 2}
      propertyPath: m_Pivot.x
      value: 0
      objectReference: {fileID: 0}
    - target: {fileID: 22471066, guid: c70357f74dab0a048b01dd9b072dbe47, type: 2}
      propertyPath: m_Pivot.y
      value: 0
      objectReference: {fileID: 0}
    - target: {fileID: 22458432, guid: c70357f74dab0a048b01dd9b072dbe47, type: 2}
      propertyPath: m_AnchorMax.x
      value: 1
      objectReference: {fileID: 0}
    - target: {fileID: 22458432, guid: c70357f74dab0a048b01dd9b072dbe47, type: 2}
      propertyPath: m_AnchorMax.y
      value: 1
      objectReference: {fileID: 0}
    - target: {fileID: 22418916, guid: c70357f74dab0a048b01dd9b072dbe47, type: 2}
      propertyPath: m_AnchorMin.x
      value: 1
      objectReference: {fileID: 0}
    - target: {fileID: 22418916, guid: c70357f74dab0a048b01dd9b072dbe47, type: 2}
      propertyPath: m_AnchorMax.x
      value: 1
      objectReference: {fileID: 0}
    - target: {fileID: 22418916, guid: c70357f74dab0a048b01dd9b072dbe47, type: 2}
      propertyPath: m_AnchorMax.y
      value: 1
      objectReference: {fileID: 0}
    - target: {fileID: 22447646, guid: c70357f74dab0a048b01dd9b072dbe47, type: 2}
      propertyPath: m_AnchorMax.x
      value: 1
      objectReference: {fileID: 0}
    - target: {fileID: 22447646, guid: c70357f74dab0a048b01dd9b072dbe47, type: 2}
      propertyPath: m_AnchorMax.y
      value: 1
      objectReference: {fileID: 0}
    - target: {fileID: 22441114, guid: c70357f74dab0a048b01dd9b072dbe47, type: 2}
      propertyPath: m_AnchorMin.x
      value: 1
      objectReference: {fileID: 0}
    - target: {fileID: 22441114, guid: c70357f74dab0a048b01dd9b072dbe47, type: 2}
      propertyPath: m_AnchorMax.x
      value: 1
      objectReference: {fileID: 0}
    - target: {fileID: 22441114, guid: c70357f74dab0a048b01dd9b072dbe47, type: 2}
      propertyPath: m_AnchorMax.y
      value: 1
      objectReference: {fileID: 0}
    - target: {fileID: 22348320, guid: c70357f74dab0a048b01dd9b072dbe47, type: 2}
      propertyPath: m_Camera
      value: 
      objectReference: {fileID: 784942251}
    m_RemovedComponents: []
  m_ParentPrefab: {fileID: 100100000, guid: c70357f74dab0a048b01dd9b072dbe47, type: 2}
  m_IsPrefabParent: 0
--- !u!1001 &500993546
Prefab:
  m_ObjectHideFlags: 0
  serializedVersion: 2
  m_Modification:
    m_TransformParent: {fileID: 0}
    m_Modifications:
    - target: {fileID: 418174, guid: ecda8a2c7bf74464aab7e1636ba90864, type: 2}
      propertyPath: m_LocalPosition.x
      value: -1.21149063
      objectReference: {fileID: 0}
    - target: {fileID: 418174, guid: ecda8a2c7bf74464aab7e1636ba90864, type: 2}
      propertyPath: m_LocalPosition.y
      value: -3.74080777
      objectReference: {fileID: 0}
    - target: {fileID: 418174, guid: ecda8a2c7bf74464aab7e1636ba90864, type: 2}
      propertyPath: m_LocalPosition.z
      value: 0
      objectReference: {fileID: 0}
    - target: {fileID: 418174, guid: ecda8a2c7bf74464aab7e1636ba90864, type: 2}
      propertyPath: m_LocalRotation.x
      value: 0
      objectReference: {fileID: 0}
    - target: {fileID: 418174, guid: ecda8a2c7bf74464aab7e1636ba90864, type: 2}
      propertyPath: m_LocalRotation.y
      value: 0
      objectReference: {fileID: 0}
    - target: {fileID: 418174, guid: ecda8a2c7bf74464aab7e1636ba90864, type: 2}
      propertyPath: m_LocalRotation.z
      value: 0
      objectReference: {fileID: 0}
    - target: {fileID: 418174, guid: ecda8a2c7bf74464aab7e1636ba90864, type: 2}
      propertyPath: m_LocalRotation.w
      value: 1
      objectReference: {fileID: 0}
    - target: {fileID: 418174, guid: ecda8a2c7bf74464aab7e1636ba90864, type: 2}
      propertyPath: m_RootOrder
      value: 0
      objectReference: {fileID: 0}
    - target: {fileID: 11460526, guid: ecda8a2c7bf74464aab7e1636ba90864, type: 2}
      propertyPath: index
      value: 43
      objectReference: {fileID: 0}
    - target: {fileID: 11460526, guid: ecda8a2c7bf74464aab7e1636ba90864, type: 2}
      propertyPath: hpUp
      value: 10
      objectReference: {fileID: 0}
    m_RemovedComponents: []
  m_ParentPrefab: {fileID: 100100000, guid: ecda8a2c7bf74464aab7e1636ba90864, type: 2}
  m_IsPrefabParent: 0
--- !u!20 &784942251 stripped
Camera:
  m_PrefabParentObject: {fileID: 2001092, guid: dc73d4267227bb4409e74180ad418cbf,
    type: 2}
  m_PrefabInternal: {fileID: 843097937}
--- !u!1001 &843097937
Prefab:
  m_ObjectHideFlags: 0
  serializedVersion: 2
  m_Modification:
    m_TransformParent: {fileID: 0}
    m_Modifications:
    - target: {fileID: 425266, guid: dc73d4267227bb4409e74180ad418cbf, type: 2}
      propertyPath: m_LocalPosition.x
      value: -1.23000002
      objectReference: {fileID: 0}
    - target: {fileID: 425266, guid: dc73d4267227bb4409e74180ad418cbf, type: 2}
      propertyPath: m_LocalPosition.y
      value: -.379999995
      objectReference: {fileID: 0}
    - target: {fileID: 425266, guid: dc73d4267227bb4409e74180ad418cbf, type: 2}
      propertyPath: m_LocalPosition.z
      value: -10
      objectReference: {fileID: 0}
    - target: {fileID: 425266, guid: dc73d4267227bb4409e74180ad418cbf, type: 2}
      propertyPath: m_LocalRotation.x
      value: 0
      objectReference: {fileID: 0}
    - target: {fileID: 425266, guid: dc73d4267227bb4409e74180ad418cbf, type: 2}
      propertyPath: m_LocalRotation.y
      value: 0
      objectReference: {fileID: 0}
    - target: {fileID: 425266, guid: dc73d4267227bb4409e74180ad418cbf, type: 2}
      propertyPath: m_LocalRotation.z
      value: 0
      objectReference: {fileID: 0}
    - target: {fileID: 425266, guid: dc73d4267227bb4409e74180ad418cbf, type: 2}
      propertyPath: m_LocalRotation.w
      value: 1
      objectReference: {fileID: 0}
    - target: {fileID: 425266, guid: dc73d4267227bb4409e74180ad418cbf, type: 2}
      propertyPath: m_RootOrder
      value: 5
      objectReference: {fileID: 0}
    m_RemovedComponents: []
  m_ParentPrefab: {fileID: 100100000, guid: dc73d4267227bb4409e74180ad418cbf, type: 2}
  m_IsPrefabParent: 0
--- !u!1001 &896786493
Prefab:
  m_ObjectHideFlags: 0
  serializedVersion: 2
  m_Modification:
    m_TransformParent: {fileID: 0}
    m_Modifications:
    - target: {fileID: 419296, guid: 34818ff241b7b8c47b529edb148b494c, type: 2}
      propertyPath: m_LocalPosition.x
      value: -7.46999979
      objectReference: {fileID: 0}
    - target: {fileID: 419296, guid: 34818ff241b7b8c47b529edb148b494c, type: 2}
      propertyPath: m_LocalPosition.y
      value: -1.09000003
      objectReference: {fileID: 0}
    - target: {fileID: 419296, guid: 34818ff241b7b8c47b529edb148b494c, type: 2}
      propertyPath: m_LocalPosition.z
      value: 0
      objectReference: {fileID: 0}
    - target: {fileID: 419296, guid: 34818ff241b7b8c47b529edb148b494c, type: 2}
      propertyPath: m_LocalRotation.x
      value: 0
      objectReference: {fileID: 0}
    - target: {fileID: 419296, guid: 34818ff241b7b8c47b529edb148b494c, type: 2}
      propertyPath: m_LocalRotation.y
      value: 0
      objectReference: {fileID: 0}
    - target: {fileID: 419296, guid: 34818ff241b7b8c47b529edb148b494c, type: 2}
      propertyPath: m_LocalRotation.z
      value: 0
      objectReference: {fileID: 0}
    - target: {fileID: 419296, guid: 34818ff241b7b8c47b529edb148b494c, type: 2}
      propertyPath: m_LocalRotation.w
      value: 1
      objectReference: {fileID: 0}
    - target: {fileID: 419296, guid: 34818ff241b7b8c47b529edb148b494c, type: 2}
      propertyPath: m_RootOrder
      value: 0
      objectReference: {fileID: 0}
    - target: {fileID: 184094, guid: 34818ff241b7b8c47b529edb148b494c, type: 2}
      propertyPath: m_Name
      value: Block (1)
      objectReference: {fileID: 0}
    - target: {fileID: 419296, guid: 34818ff241b7b8c47b529edb148b494c, type: 2}
      propertyPath: m_LocalScale.y
      value: 19.5755177
      objectReference: {fileID: 0}
    m_RemovedComponents: []
  m_ParentPrefab: {fileID: 100100000, guid: 34818ff241b7b8c47b529edb148b494c, type: 2}
  m_IsPrefabParent: 0
--- !u!1001 &992650047
Prefab:
  m_ObjectHideFlags: 0
  serializedVersion: 2
  m_Modification:
    m_TransformParent: {fileID: 0}
    m_Modifications:
    - target: {fileID: 428020, guid: e695c347d99d79b4d95409e2223011d5, type: 2}
      propertyPath: m_LocalPosition.x
      value: -1.21000004
      objectReference: {fileID: 0}
    - target: {fileID: 428020, guid: e695c347d99d79b4d95409e2223011d5, type: 2}
      propertyPath: m_LocalPosition.y
      value: 3.61999989
      objectReference: {fileID: 0}
    - target: {fileID: 428020, guid: e695c347d99d79b4d95409e2223011d5, type: 2}
      propertyPath: m_LocalPosition.z
      value: 0
      objectReference: {fileID: 0}
    - target: {fileID: 428020, guid: e695c347d99d79b4d95409e2223011d5, type: 2}
      propertyPath: m_LocalRotation.x
      value: 0
      objectReference: {fileID: 0}
    - target: {fileID: 428020, guid: e695c347d99d79b4d95409e2223011d5, type: 2}
      propertyPath: m_LocalRotation.y
      value: 0
      objectReference: {fileID: 0}
    - target: {fileID: 428020, guid: e695c347d99d79b4d95409e2223011d5, type: 2}
      propertyPath: m_LocalRotation.z
      value: 1
      objectReference: {fileID: 0}
    - target: {fileID: 428020, guid: e695c347d99d79b4d95409e2223011d5, type: 2}
      propertyPath: m_LocalRotation.w
      value: -1.62920685e-07
      objectReference: {fileID: 0}
    - target: {fileID: 428020, guid: e695c347d99d79b4d95409e2223011d5, type: 2}
      propertyPath: m_RootOrder
      value: 0
      objectReference: {fileID: 0}
    - target: {fileID: 145170, guid: e695c347d99d79b4d95409e2223011d5, type: 2}
      propertyPath: m_Name
      value: CamraBlock (2)
      objectReference: {fileID: 0}
    - target: {fileID: 428020, guid: e695c347d99d79b4d95409e2223011d5, type: 2}
      propertyPath: m_LocalScale.x
      value: 54.2075844
      objectReference: {fileID: 0}
    m_RemovedComponents: []
  m_ParentPrefab: {fileID: 100100000, guid: e695c347d99d79b4d95409e2223011d5, type: 2}
  m_IsPrefabParent: 0
--- !u!1 &1014409568
GameObject:
  m_ObjectHideFlags: 0
  m_PrefabParentObject: {fileID: 0}
  m_PrefabInternal: {fileID: 0}
  serializedVersion: 4
  m_Component:
  - 4: {fileID: 1014409570}
  - 212: {fileID: 1014409569}
  m_Layer: 0
  m_Name: Level10
  m_TagString: Untagged
  m_Icon: {fileID: 0}
  m_NavMeshLayer: 0
  m_StaticEditorFlags: 0
  m_IsActive: 1
--- !u!212 &1014409569
SpriteRenderer:
  m_ObjectHideFlags: 0
  m_PrefabParentObject: {fileID: 0}
  m_PrefabInternal: {fileID: 0}
  m_GameObject: {fileID: 1014409568}
  m_Enabled: 1
  m_CastShadows: 0
  m_ReceiveShadows: 0
  m_Materials:
  - {fileID: 10754, guid: 0000000000000000e000000000000000, type: 0}
  m_SubsetIndices: 
  m_StaticBatchRoot: {fileID: 0}
  m_UseLightProbes: 0
  m_ReflectionProbeUsage: 0
  m_ProbeAnchor: {fileID: 0}
  m_ScaleInLightmap: 1
  m_PreserveUVs: 0
  m_IgnoreNormalsForChartDetection: 0
  m_ImportantGI: 0
  m_MinimumChartSize: 4
  m_AutoUVMaxDistance: .5
  m_AutoUVMaxAngle: 89
  m_LightmapParameters: {fileID: 0}
  m_SortingLayerID: 0
  m_SortingOrder: 0
  m_Sprite: {fileID: 21300000, guid: 8b4e7876c904f984b94e2ff21bafc0cd, type: 3}
  m_Color: {r: 1, g: 1, b: 1, a: 1}
--- !u!4 &1014409570
Transform:
  m_ObjectHideFlags: 0
  m_PrefabParentObject: {fileID: 0}
  m_PrefabInternal: {fileID: 0}
  m_GameObject: {fileID: 1014409568}
  m_LocalRotation: {x: 0, y: 0, z: 0, w: 1}
  m_LocalPosition: {x: -1.50829422, y: .101519689, z: 0}
  m_LocalScale: {x: 1, y: 1, z: 1}
  m_Children: []
  m_Father: {fileID: 0}
  m_RootOrder: 20
--- !u!1 &1299518111
GameObject:
  m_ObjectHideFlags: 0
  m_PrefabParentObject: {fileID: 0}
  m_PrefabInternal: {fileID: 0}
  serializedVersion: 4
  m_Component:
  - 4: {fileID: 1299518113}
  - 212: {fileID: 1299518112}
  m_Layer: 0
  m_Name: Clouds
  m_TagString: Untagged
  m_Icon: {fileID: 0}
  m_NavMeshLayer: 0
  m_StaticEditorFlags: 0
  m_IsActive: 1
--- !u!212 &1299518112
SpriteRenderer:
  m_ObjectHideFlags: 0
  m_PrefabParentObject: {fileID: 0}
  m_PrefabInternal: {fileID: 0}
  m_GameObject: {fileID: 1299518111}
  m_Enabled: 1
  m_CastShadows: 0
  m_ReceiveShadows: 0
  m_Materials:
  - {fileID: 10754, guid: 0000000000000000e000000000000000, type: 0}
  m_SubsetIndices: 
  m_StaticBatchRoot: {fileID: 0}
  m_UseLightProbes: 0
  m_ReflectionProbeUsage: 0
  m_ProbeAnchor: {fileID: 0}
  m_ScaleInLightmap: 1
  m_PreserveUVs: 0
  m_IgnoreNormalsForChartDetection: 0
  m_ImportantGI: 0
  m_MinimumChartSize: 4
  m_AutoUVMaxDistance: .5
  m_AutoUVMaxAngle: 89
  m_LightmapParameters: {fileID: 0}
  m_SortingLayerID: 204921979
  m_SortingOrder: -1
  m_Sprite: {fileID: 21300000, guid: d937dcb0d7962a147988df7fe7e396e1, type: 3}
  m_Color: {r: 1, g: 1, b: 1, a: 1}
--- !u!4 &1299518113
Transform:
  m_ObjectHideFlags: 0
  m_PrefabParentObject: {fileID: 0}
  m_PrefabInternal: {fileID: 0}
  m_GameObject: {fileID: 1299518111}
  m_LocalRotation: {x: 0, y: 0, z: 0, w: 1}
  m_LocalPosition: {x: -1.20452535, y: -2.12082338, z: 0}
  m_LocalScale: {x: 1, y: 1, z: 1}
  m_Children: []
  m_Father: {fileID: 0}
  m_RootOrder: 21
--- !u!1001 &1496748782
Prefab:
  m_ObjectHideFlags: 0
  serializedVersion: 2
  m_Modification:
    m_TransformParent: {fileID: 0}
    m_Modifications:
    - target: {fileID: 22411450, guid: 7853b9caec2a3ba4ba1c533db55eb695, type: 2}
      propertyPath: m_LocalPosition.x
      value: 0
      objectReference: {fileID: 0}
    - target: {fileID: 22411450, guid: 7853b9caec2a3ba4ba1c533db55eb695, type: 2}
      propertyPath: m_LocalPosition.y
      value: 0
      objectReference: {fileID: 0}
    - target: {fileID: 22411450, guid: 7853b9caec2a3ba4ba1c533db55eb695, type: 2}
      propertyPath: m_LocalPosition.z
      value: 0
      objectReference: {fileID: 0}
    - target: {fileID: 22411450, guid: 7853b9caec2a3ba4ba1c533db55eb695, type: 2}
      propertyPath: m_LocalRotation.x
      value: 0
      objectReference: {fileID: 0}
    - target: {fileID: 22411450, guid: 7853b9caec2a3ba4ba1c533db55eb695, type: 2}
      propertyPath: m_LocalRotation.y
      value: 0
      objectReference: {fileID: 0}
    - target: {fileID: 22411450, guid: 7853b9caec2a3ba4ba1c533db55eb695, type: 2}
      propertyPath: m_LocalRotation.z
      value: 0
      objectReference: {fileID: 0}
    - target: {fileID: 22411450, guid: 7853b9caec2a3ba4ba1c533db55eb695, type: 2}
      propertyPath: m_LocalRotation.w
      value: 1
      objectReference: {fileID: 0}
    - target: {fileID: 22411450, guid: 7853b9caec2a3ba4ba1c533db55eb695, type: 2}
      propertyPath: m_RootOrder
      value: 6
      objectReference: {fileID: 0}
    - target: {fileID: 22411450, guid: 7853b9caec2a3ba4ba1c533db55eb695, type: 2}
      propertyPath: m_AnchoredPosition.x
      value: 0
      objectReference: {fileID: 0}
    - target: {fileID: 22411450, guid: 7853b9caec2a3ba4ba1c533db55eb695, type: 2}
      propertyPath: m_AnchoredPosition.y
      value: 0
      objectReference: {fileID: 0}
    - target: {fileID: 22411450, guid: 7853b9caec2a3ba4ba1c533db55eb695, type: 2}
      propertyPath: m_SizeDelta.x
      value: 0
      objectReference: {fileID: 0}
    - target: {fileID: 22411450, guid: 7853b9caec2a3ba4ba1c533db55eb695, type: 2}
      propertyPath: m_SizeDelta.y
      value: 0
      objectReference: {fileID: 0}
    - target: {fileID: 22411450, guid: 7853b9caec2a3ba4ba1c533db55eb695, type: 2}
      propertyPath: m_AnchorMin.x
      value: 0
      objectReference: {fileID: 0}
    - target: {fileID: 22411450, guid: 7853b9caec2a3ba4ba1c533db55eb695, type: 2}
      propertyPath: m_AnchorMin.y
      value: 0
      objectReference: {fileID: 0}
    - target: {fileID: 22411450, guid: 7853b9caec2a3ba4ba1c533db55eb695, type: 2}
      propertyPath: m_AnchorMax.x
      value: 0
      objectReference: {fileID: 0}
    - target: {fileID: 22411450, guid: 7853b9caec2a3ba4ba1c533db55eb695, type: 2}
      propertyPath: m_AnchorMax.y
      value: 0
      objectReference: {fileID: 0}
    - target: {fileID: 22411450, guid: 7853b9caec2a3ba4ba1c533db55eb695, type: 2}
      propertyPath: m_Pivot.x
      value: 0
      objectReference: {fileID: 0}
    - target: {fileID: 22411450, guid: 7853b9caec2a3ba4ba1c533db55eb695, type: 2}
      propertyPath: m_Pivot.y
      value: 0
      objectReference: {fileID: 0}
    - target: {fileID: 22355366, guid: 7853b9caec2a3ba4ba1c533db55eb695, type: 2}
      propertyPath: m_Camera
      value: 
      objectReference: {fileID: 784942251}
    m_RemovedComponents: []
  m_ParentPrefab: {fileID: 100100000, guid: 7853b9caec2a3ba4ba1c533db55eb695, type: 2}
  m_IsPrefabParent: 0
--- !u!1001 &1586039878
Prefab:
  m_ObjectHideFlags: 0
  serializedVersion: 2
  m_Modification:
    m_TransformParent: {fileID: 0}
    m_Modifications:
    - target: {fileID: 419296, guid: 34818ff241b7b8c47b529edb148b494c, type: 2}
      propertyPath: m_LocalPosition.x
      value: 5.01000023
      objectReference: {fileID: 0}
    - target: {fileID: 419296, guid: 34818ff241b7b8c47b529edb148b494c, type: 2}
      propertyPath: m_LocalPosition.y
      value: -.930000007
      objectReference: {fileID: 0}
    - target: {fileID: 419296, guid: 34818ff241b7b8c47b529edb148b494c, type: 2}
      propertyPath: m_LocalPosition.z
      value: 0
      objectReference: {fileID: 0}
    - target: {fileID: 419296, guid: 34818ff241b7b8c47b529edb148b494c, type: 2}
      propertyPath: m_LocalRotation.x
      value: 0
      objectReference: {fileID: 0}
    - target: {fileID: 419296, guid: 34818ff241b7b8c47b529edb148b494c, type: 2}
      propertyPath: m_LocalRotation.y
      value: 0
      objectReference: {fileID: 0}
    - target: {fileID: 419296, guid: 34818ff241b7b8c47b529edb148b494c, type: 2}
      propertyPath: m_LocalRotation.z
      value: 0
      objectReference: {fileID: 0}
    - target: {fileID: 419296, guid: 34818ff241b7b8c47b529edb148b494c, type: 2}
      propertyPath: m_LocalRotation.w
      value: 1
      objectReference: {fileID: 0}
    - target: {fileID: 419296, guid: 34818ff241b7b8c47b529edb148b494c, type: 2}
      propertyPath: m_RootOrder
      value: 0
      objectReference: {fileID: 0}
    - target: {fileID: 184094, guid: 34818ff241b7b8c47b529edb148b494c, type: 2}
      propertyPath: m_Name
      value: Block (3)
      objectReference: {fileID: 0}
    - target: {fileID: 419296, guid: 34818ff241b7b8c47b529edb148b494c, type: 2}
      propertyPath: m_LocalScale.y
      value: 19.9216499
      objectReference: {fileID: 0}
    m_RemovedComponents: []
  m_ParentPrefab: {fileID: 100100000, guid: 34818ff241b7b8c47b529edb148b494c, type: 2}
  m_IsPrefabParent: 0
--- !u!1001 &1646166400
Prefab:
  m_ObjectHideFlags: 0
  serializedVersion: 2
  m_Modification:
    m_TransformParent: {fileID: 0}
    m_Modifications:
    - target: {fileID: 497646, guid: 437f347d9ebc4b94a86f2d43d5f07d6d, type: 2}
      propertyPath: m_LocalPosition.x
      value: -6.61000013
      objectReference: {fileID: 0}
    - target: {fileID: 497646, guid: 437f347d9ebc4b94a86f2d43d5f07d6d, type: 2}
      propertyPath: m_LocalPosition.y
      value: -3.8599999
      objectReference: {fileID: 0}
    - target: {fileID: 497646, guid: 437f347d9ebc4b94a86f2d43d5f07d6d, type: 2}
      propertyPath: m_LocalPosition.z
      value: 0
      objectReference: {fileID: 0}
    - target: {fileID: 497646, guid: 437f347d9ebc4b94a86f2d43d5f07d6d, type: 2}
      propertyPath: m_LocalRotation.x
      value: 0
      objectReference: {fileID: 0}
    - target: {fileID: 497646, guid: 437f347d9ebc4b94a86f2d43d5f07d6d, type: 2}
      propertyPath: m_LocalRotation.y
      value: 0
      objectReference: {fileID: 0}
    - target: {fileID: 497646, guid: 437f347d9ebc4b94a86f2d43d5f07d6d, type: 2}
      propertyPath: m_LocalRotation.z
      value: 0
      objectReference: {fileID: 0}
    - target: {fileID: 497646, guid: 437f347d9ebc4b94a86f2d43d5f07d6d, type: 2}
      propertyPath: m_LocalRotation.w
      value: 1
      objectReference: {fileID: 0}
    - target: {fileID: 497646, guid: 437f347d9ebc4b94a86f2d43d5f07d6d, type: 2}
      propertyPath: m_RootOrder
      value: 0
      objectReference: {fileID: 0}
    - target: {fileID: 11441328, guid: 437f347d9ebc4b94a86f2d43d5f07d6d, type: 2}
      propertyPath: newPointX
      value: 5.03452206
      objectReference: {fileID: 0}
    - target: {fileID: 11441328, guid: 437f347d9ebc4b94a86f2d43d5f07d6d, type: 2}
      propertyPath: newPointY
      value: -9.91714382
      objectReference: {fileID: 0}
    - target: {fileID: 11441328, guid: 437f347d9ebc4b94a86f2d43d5f07d6d, type: 2}
      propertyPath: newCameraX
      value: -.205001101
      objectReference: {fileID: 0}
    - target: {fileID: 11441328, guid: 437f347d9ebc4b94a86f2d43d5f07d6d, type: 2}
      propertyPath: newCameraY
      value: -10.51367
      objectReference: {fileID: 0}
    - target: {fileID: 11441328, guid: 437f347d9ebc4b94a86f2d43d5f07d6d, type: 2}
      propertyPath: LevelName
      value: Level12
      objectReference: {fileID: 0}
    m_RemovedComponents: []
  m_ParentPrefab: {fileID: 100100000, guid: 437f347d9ebc4b94a86f2d43d5f07d6d, type: 2}
  m_IsPrefabParent: 0
--- !u!1001 &1827976789
Prefab:
  m_ObjectHideFlags: 0
  serializedVersion: 2
  m_Modification:
    m_TransformParent: {fileID: 0}
    m_Modifications:
    - target: {fileID: 465036, guid: 5d074c0fd850a634f90a177cf5ba1033, type: 2}
      propertyPath: m_LocalPosition.x
      value: -3.40455437
      objectReference: {fileID: 0}
    - target: {fileID: 465036, guid: 5d074c0fd850a634f90a177cf5ba1033, type: 2}
      propertyPath: m_LocalPosition.y
      value: -4.14881992
      objectReference: {fileID: 0}
    - target: {fileID: 465036, guid: 5d074c0fd850a634f90a177cf5ba1033, type: 2}
      propertyPath: m_LocalPosition.z
      value: 0
      objectReference: {fileID: 0}
    - target: {fileID: 465036, guid: 5d074c0fd850a634f90a177cf5ba1033, type: 2}
      propertyPath: m_LocalRotation.x
      value: 0
      objectReference: {fileID: 0}
    - target: {fileID: 465036, guid: 5d074c0fd850a634f90a177cf5ba1033, type: 2}
      propertyPath: m_LocalRotation.y
      value: 0
      objectReference: {fileID: 0}
    - target: {fileID: 465036, guid: 5d074c0fd850a634f90a177cf5ba1033, type: 2}
      propertyPath: m_LocalRotation.z
      value: 0
      objectReference: {fileID: 0}
    - target: {fileID: 465036, guid: 5d074c0fd850a634f90a177cf5ba1033, type: 2}
      propertyPath: m_LocalRotation.w
      value: 1
      objectReference: {fileID: 0}
    - target: {fileID: 465036, guid: 5d074c0fd850a634f90a177cf5ba1033, type: 2}
      propertyPath: m_RootOrder
      value: 0
      objectReference: {fileID: 0}
    - target: {fileID: 11462212, guid: 5d074c0fd850a634f90a177cf5ba1033, type: 2}
      propertyPath: index
      value: 50
      objectReference: {fileID: 0}
    m_RemovedComponents: []
  m_ParentPrefab: {fileID: 100100000, guid: 5d074c0fd850a634f90a177cf5ba1033, type: 2}
  m_IsPrefabParent: 0
--- !u!1001 &2014851607
Prefab:
  m_ObjectHideFlags: 0
  serializedVersion: 2
  m_Modification:
    m_TransformParent: {fileID: 0}
    m_Modifications:
    - target: {fileID: 405446, guid: 294f8d38d87f22c47ab6fbca460f0df3, type: 2}
      propertyPath: m_LocalPosition.x
      value: 0
      objectReference: {fileID: 0}
    - target: {fileID: 405446, guid: 294f8d38d87f22c47ab6fbca460f0df3, type: 2}
      propertyPath: m_LocalPosition.y
      value: 0
      objectReference: {fileID: 0}
    - target: {fileID: 405446, guid: 294f8d38d87f22c47ab6fbca460f0df3, type: 2}
      propertyPath: m_LocalPosition.z
      value: 0
      objectReference: {fileID: 0}
    - target: {fileID: 405446, guid: 294f8d38d87f22c47ab6fbca460f0df3, type: 2}
      propertyPath: m_LocalRotation.x
      value: 0
      objectReference: {fileID: 0}
    - target: {fileID: 405446, guid: 294f8d38d87f22c47ab6fbca460f0df3, type: 2}
      propertyPath: m_LocalRotation.y
      value: 0
      objectReference: {fileID: 0}
    - target: {fileID: 405446, guid: 294f8d38d87f22c47ab6fbca460f0df3, type: 2}
      propertyPath: m_LocalRotation.z
      value: 0
      objectReference: {fileID: 0}
    - target: {fileID: 405446, guid: 294f8d38d87f22c47ab6fbca460f0df3, type: 2}
      propertyPath: m_LocalRotation.w
      value: 1
      objectReference: {fileID: 0}
    - target: {fileID: 405446, guid: 294f8d38d87f22c47ab6fbca460f0df3, type: 2}
      propertyPath: m_RootOrder
      value: 5
      objectReference: {fileID: 0}
    m_RemovedComponents: []
  m_ParentPrefab: {fileID: 100100000, guid: 294f8d38d87f22c47ab6fbca460f0df3, type: 2}
  m_IsPrefabParent: 0
--- !u!1001 &2041687999
Prefab:
  m_ObjectHideFlags: 0
  serializedVersion: 2
  m_Modification:
    m_TransformParent: {fileID: 0}
    m_Modifications:
    - target: {fileID: 405214, guid: 7f70b36022b18644b989fd724ebceb65, type: 2}
      propertyPath: m_LocalPosition.x
      value: 0
      objectReference: {fileID: 0}
    - target: {fileID: 405214, guid: 7f70b36022b18644b989fd724ebceb65, type: 2}
      propertyPath: m_LocalPosition.y
      value: 0
      objectReference: {fileID: 0}
    - target: {fileID: 405214, guid: 7f70b36022b18644b989fd724ebceb65, type: 2}
      propertyPath: m_LocalPosition.z
      value: 0
      objectReference: {fileID: 0}
    - target: {fileID: 405214, guid: 7f70b36022b18644b989fd724ebceb65, type: 2}
      propertyPath: m_LocalRotation.x
      value: 0
      objectReference: {fileID: 0}
    - target: {fileID: 405214, guid: 7f70b36022b18644b989fd724ebceb65, type: 2}
      propertyPath: m_LocalRotation.y
      value: 0
      objectReference: {fileID: 0}
    - target: {fileID: 405214, guid: 7f70b36022b18644b989fd724ebceb65, type: 2}
      propertyPath: m_LocalRotation.z
      value: 0
      objectReference: {fileID: 0}
    - target: {fileID: 405214, guid: 7f70b36022b18644b989fd724ebceb65, type: 2}
      propertyPath: m_LocalRotation.w
      value: 1
      objectReference: {fileID: 0}
    - target: {fileID: 405214, guid: 7f70b36022b18644b989fd724ebceb65, type: 2}
      propertyPath: m_RootOrder
      value: 15
      objectReference: {fileID: 0}
    m_RemovedComponents: []
  m_ParentPrefab: {fileID: 100100000, guid: 7f70b36022b18644b989fd724ebceb65, type: 2}
  m_IsPrefabParent: 0
--- !u!1001 &2068337756
Prefab:
  m_ObjectHideFlags: 0
  serializedVersion: 2
  m_Modification:
    m_TransformParent: {fileID: 0}
    m_Modifications:
    - target: {fileID: 428020, guid: e695c347d99d79b4d95409e2223011d5, type: 2}
      propertyPath: m_LocalPosition.x
      value: -1.17999995
      objectReference: {fileID: 0}
    - target: {fileID: 428020, guid: e695c347d99d79b4d95409e2223011d5, type: 2}
      propertyPath: m_LocalPosition.y
      value: -5.73999977
      objectReference: {fileID: 0}
    - target: {fileID: 428020, guid: e695c347d99d79b4d95409e2223011d5, type: 2}
      propertyPath: m_LocalPosition.z
      value: 0
      objectReference: {fileID: 0}
    - target: {fileID: 428020, guid: e695c347d99d79b4d95409e2223011d5, type: 2}
      propertyPath: m_LocalRotation.x
      value: 0
      objectReference: {fileID: 0}
    - target: {fileID: 428020, guid: e695c347d99d79b4d95409e2223011d5, type: 2}
      propertyPath: m_LocalRotation.y
      value: 0
      objectReference: {fileID: 0}
    - target: {fileID: 428020, guid: e695c347d99d79b4d95409e2223011d5, type: 2}
      propertyPath: m_LocalRotation.z
      value: 0
      objectReference: {fileID: 0}
    - target: {fileID: 428020, guid: e695c347d99d79b4d95409e2223011d5, type: 2}
      propertyPath: m_LocalRotation.w
      value: 1
      objectReference: {fileID: 0}
    - target: {fileID: 428020, guid: e695c347d99d79b4d95409e2223011d5, type: 2}
      propertyPath: m_RootOrder
      value: 0
      objectReference: {fileID: 0}
    - target: {fileID: 428020, guid: e695c347d99d79b4d95409e2223011d5, type: 2}
      propertyPath: m_LocalScale.x
      value: 54.3229637
      objectReference: {fileID: 0}
    m_RemovedComponents: []
  m_ParentPrefab: {fileID: 100100000, guid: e695c347d99d79b4d95409e2223011d5, type: 2}
  m_IsPrefabParent: 0
